1626 2524
115 722 202 780 10(

112 1032 153 1063 15

109 1325 154 1357 20

108 1620 152 1652 25

188 83 275 127 330
633 84 794 121 SOHOL.
809 87 845 122 Γ
854 86 890 122 V
899 85 954 122 IN
977 85 1089 122 HOR.

305 196 378 235 *Io
410 191 493 250 (oc)]
548 195 656 242 Quae
685 198 728 236 in
758 210 920 237 uaccam
949 200 1103 238 mutata
1134 199 1185 238 ad
1214 199 1406 251 Egiptum
1435 213 1524 251 per-

187 257 298 295 uenit
327 256 511 305 factaque
541 255 615 295 Isis
646 255 719 295 dea
748 256 900 308 Egyptzi
930 251 1014 310 (Γα

305 315 476 354 *Tristis
513 311 747 368 [HJOrestes
778 311 856 369 (c)]
910 316 1076 366 Propter
1110 317 1256 356 factam
1294 312 1379 371 (leq.
1405 313 1520 372 faeti)

187 374 465 413 conscientiam
496 369 555 427 (Γ
571 376 656 413 sim.
674 374 723 421 οζ

306 427 412 472 125.
467 432 638 483 *Siquid
684 435 931 484 inexpertum
980 428 1077 487 (εζ)]
1139 434 1246 474 Idest
1293 436 1327 475 si
1374 448 1522 475 nouum

185 504 325 542 poema
354 491 492 531 scribis
523 494 563 531 et
591 492 707 544 fingis
737 505 882 531 nouam
912 505 1130 543 personam,
1160 505 1255 532 caue
1279 496 1324 533 ut
1354 495 1406 534 sit
1430 507 1521 534 con-

183 552 292 590 stans
322 563 445 601 usque
475 551 527 590 ad
556 553 772 590 extremum
803 546 886 605 (Γα
908 554 992 590 sim.
1013 552 1061 599 οζ

303 605 412 650 126.
444 609 630 649 Seruetur
660 610 710 649 ad
740 611 865 648 imum
884 605 987 664 (V)]
1035 610 1142 650 Idest
1165 623 1288 661 usque
1314 612 1364 651 ad
1388 612 1518 661 finem,

182 670 244 718 ut,
275 671 309 708 si
339 682 475 708 seuera
506 669 555 708 ab
585 669 700 708 initio
731 670 868 718 fuerit,
899 669 1035 708 eadem
1065 670 1116 709 ad
1146 670 1263 709 finem
1291 674 1520 721 permaneat

203 729 253 777 I'3
286 729 324 767 V
342 729 466 767 solum
496 729 633 767 lemma
664 729 817 773 exhibet,
847 730 927 767 uid.
954 730 1082 767 adnot.
1108 729 1162 768 ad
1184 742 1222 768 α.
1250 730 1332 768 123

303 782 411 827 128.
454 786 654 826 *Difficile
685 790 744 826 est
773 789 931 838 proprie
963 800 994 826 o.
1019 788 1055 826 d.
1082 782 1182 841 (σζ)]
1237 788 1323 828 Hoc
1352 789 1519 828 interro-

182 847 333 897 gatiue3
376 847 434 885 ait
470 840 555 900 (leq.
583 841 642 899 at)
680 848 785 884 enim
821 846 957 885 dicunt
993 846 1153 886 difficile
1184 860 1266 886 esse
1297 849 1518 887 eommunia

180 906 351 956 propriis
382 906 578 956 explicare
607 905 737 944 uerbis
769 899 828 958 (Γ
844 907 930 944 sim.
949 906 996 953 οζ
1018 917 1063 945 ex
1086 906 1226 955 Porph.

299 963 324 1014 ξ
339 961 594 1003 ‘Communia
624 964 751 1003 dicere
760 960 785 1013 ',
815 964 917 1003 idest
946 966 1115 1013 intaeta3
1146 978 1238 1003 nam
1269 965 1427 1015 quando
1457 967 1518 1004 in-

180 1025 331 1062 tactum
362 1025 421 1062 est
451 1023 614 1073 aliquid,
645 1036 847 1062 commune
879 1026 954 1073 est,
986 1024 1104 1062 semel
1135 1024 1282 1062 dietum
1308 1024 1357 1063 ab
1382 1025 1517 1074 aliquo

180 1082 226 1121 fit
254 1083 468 1132 proprium.
517 1082 619 1121 Item
649 1083 882 1131 communia,
911 1082 1014 1121 idest
1043 1095 1122 1121 non
1146 1085 1237 1121 ante
1262 1083 1380 1133 dicta,
1411 1084 1517 1133 quia,

181 1141 311 1191 siquid
341 1141 496 1190 dixeris,
526 1143 606 1180 iam
636 1144 752 1180 tuum
781 1143 839 1180 est
862 1143 1078 1191 proprium.
1128 1141 1359 1180 Communia
1385 1145 1517 1181 autem

180 1200 291 1249 dixit,
323 1202 427 1249 quia,
459 1199 646 1249 quamdiu
678 1213 701 1239 a
731 1200 840 1238 nullo
872 1203 964 1238 sunt
994 1203 1083 1239 acta
1113 1201 1177 1239 uel
1202 1201 1319 1249 dicta,
1350 1201 1516 1252 sing-ulis

180 1271 303 1308 aeque
326 1261 465 1308 patent
490 1259 541 1298 ad
565 1259 782 1307 dicendum,
807 1261 852 1296 ut
875 1259 987 1297 uerbi
1012 1261 1159 1310 gratia:
1188 1259 1516 1309 quemadmodum

180 1318 317 1356 domus
360 1318 430 1356 aut
471 1330 564 1368 ager
606 1318 689 1356 sine
732 1318 889 1356 domino
932 1319 1147 1356 eommunis
1185 1321 1261 1367 est,
1303 1321 1515 1368 occupatus

179 1389 272 1416 uero
303 1378 384 1415 iam
413 1377 596 1426 proprius
627 1376 682 1425 fit,
713 1377 775 1414 ita·
803 1378 842 1414 et
872 1389 933 1415 res
965 1389 988 1415 a
1019 1377 1127 1415 nullo
1159 1377 1264 1415 diota
1296 1379 1514 1416 eommunis

180 1438 240 1474 est
270 1430 381 1489 (rab
398 1436 479 1482 ch

301 1489 407 1533 131.
463 1492 666 1543 §Publica
707 1494 890 1532 materies
934 1488 1075 1547 (17οζ)]
1135 1494 1276 1542 Docet,
1320 1495 1513 1544 quomodo

178 1553 432 1605 aggrediatur
457 1553 599 1602 aliquis
625 1565 781 1592 carmen
804 1554 886 1590 iam
911 1552 960 1591 ab
985 1553 1118 1602 aliquo
1143 1554 1342 1603 scriptum.
1390 1553 1513 1593 Mate·

177 1614 253 1651 ries
284 1614 364 1651 iam
395 1612 511 1660 diota,
541 1613 623 1650 iam
654 1611 703 1650 ab
735 1612 814 1650 alio
846 1612 961 1650 edita.
1024 1612 1166 1651 Sensus
1196 1612 1260 1651 hic
1291 1614 1366 1651 est:
1406 1615 1513 1661 nota,

176 1672 318 1721 inquit,
348 1671 515 1709 materia
544 1673 630 1708 tum
659 1670 858 1709 uidebitur
888 1671 1001 1719 quasi
1023 1671 1183 1721 propria
1208 1672 1512 1721 uniuscuiusque

178 1726 315 1782 [esse],
359 1731 392 1768 si
434 1742 536 1769 nouo
574 1732 613 1767 et
649 1742 727 1768 non
762 1730 910 1767 usitato
947 1741 1086 1780 genere
1123 1730 1305 1768 dictionis
1341 1732 1512 1768 ornetur.

175 1789 320 1827 Aliter:
363 1788 520 1838 publica
557 1789 739 1827 materies
770 1801 806 1838 p.
832 1789 856 1826 i.
884 1801 927 1835 e.,
970 1788 1071 1827 idest
1101 1790 1223 1827 etiam
1253 1788 1359 1827 diota.
1389 1791 1511 1827 mate·

176 1849 269 1896 ries,
307 1849 341 1886 si
372 1860 459 1886 eam
490 1860 578 1886 cum
609 1850 692 1885 arte
724 1847 843 1885 fueris
875 1848 1174 1896 interpretatus,
1212 1849 1246 1885 si
1276 1860 1354 1886 non
1384 1850 1510 1886 totam

294 1999 311 2029 1
338 1994 377 2029 Io
402 1995 514 2041 quae]
539 1994 577 2029 Io
603 2008 628 2029 α
764 1997 785 2028 2
810 1993 982 2038 factaque
1006 2006 1058 2029 roc
1083 1994 1183 2029 facta
1207 2008 1228 2039 y
1346 1994 1419 2028 deu
1440 2006 1491 2047 rpc

175 2042 304 2088 regina
329 2056 350 2087 y
445 2041 576 2088 egypti
600 2042 636 2088 r]
661 2041 780 2086 egipti
805 2054 860 2095 γᾳ.
969 2043 991 2074 8
1016 2041 1130 2087 idest]
1155 2052 1221 2076 om.
1239 2052 1259 2075 r
1367 2043 1492 2093 12·a1t

175 2090 214 2123 at
239 2090 288 2124 K.
308 2100 353 2124 ex
370 2089 504 2133 Por-ph.
650 2091 692 2123 13
721 2099 881 2133 proprus
913 2087 1013 2132 expl:
1039 2099 1079 2122 u:
1106 2102 1127 2133 y
1147 2088 1298 2134 Porph]
1322 2087 1507 2132 expheare

174 2135 333 2180 propriis
357 2135 481 2170 uerbis
506 2147 526 2170 r
621 2138 665 2169 20
691 2136 757 2169 aut
780 2135 862 2181 yV]
886 2134 947 2169 uel
971 2137 1082 2178 ναοζ,
1102 2136 1122 2169 b
1141 2135 1294 2169 euanuit
1388 2139 1432 2169 24
1458 2134 1506 2169 ab

174 2181 298 2226 aliquo
324 2183 414 2228 αεζ]
439 2182 564 2227 aliquo
593 2182 671 2217 PV
759 2180 947 2228 materies]
971 2180 1128 2216 materia
1151 2184 1197 2222 σζ
1289 2184 1333 2216 25
1359 2181 1405 2216 ab
1432 2181 1506 2216 alio

174 2228 292 2275 edita]
318 2229 365 2263 ab
391 2229 516 2274 aliquo
542 2228 729 2273 descripta
747 2231 792 2270 οξ
885 2231 927 2262 27
949 2238 1028 2263 esse
1046 2228 1155 2269 αῩοζ
1169 2239 1235 2263 om.
1248 2229 1283 2262 Γ
1374 2231 1418 2263 28
1438 2228 1505 2264 ali-

172 2276 230 2310 ter
249 2297 293 2301 —
312 2276 467 2322 imitari]
492 2286 558 2311 om.
573 2289 598 2310 α
693 2275 802 2310 aliter
813 2275 866 2321 Γ]
891 2275 1043 2316 0⁷72.ch
1134 2273 1285 2319 publiea
1310 2275 1359 2321 e.]
1383 2279 1509 2317 omma9

174 2325 218 2356 29
243 2323 361 2357 totam
387 2333 469 2357 eam
497 2323 547 2369 Γ]
572 2333 654 2357 eam
678 2323 796 2357 totam
822 2323 901 2363 ch'
