1626 2524
299 93 636 130 SGHOL.P'V1N
659 93 773 130 HOR.
798 95 863 130 DE
888 94 1017 130 ARTE
1042 95 1248 132 POETICA
1367 95 1453 139 379

107 206 285 245 bidental
316 219 340 245 a
370 206 596 246 bidentibus
625 205 792 257 dictum3
822 219 916 246 nam
939 207 1128 258 reliquias
1154 208 1332 248 fulminis
1356 220 1452 258 pon-

107 265 232 304 tifices
263 277 352 304 cum
382 265 574 305 sacrificio
605 266 850 316 sepeliebant
880 261 980 319 (P'b
996 267 1078 314 Vc?

224 324 371 364 Aliter:
401 325 455 373 id,
487 324 593 374 quod
616 325 676 364 bis
702 320 828 378 (Iouis
846 321 1006 380 Porph.)
1032 326 1198 366 fulmine
1221 339 1453 376 percussum

107 386 178 433 est,
208 383 385 423 bidental
417 384 659 434 appellatur-3
703 385 777 424 hoc
808 386 960 436 expiari
989 398 1069 424 non
1098 387 1242 436 potest.
1302 386 1452 425 Errant

106 445 256 491 autem,
297 444 367 493 qui
403 443 540 482 dicunt
576 443 627 483 ab
658 456 763 495 agna
794 444 944 483 dictum
972 444 1152 484 bidental
1184 440 1248 498 (ex
1276 440 1452 498 Pomm).
1501 453 1522 485 5

105 502 291 541 Bidental
322 503 431 541 locus
463 505 532 551 est,
562 503 605 540 in
637 515 715 553 quo
746 503 897 542 fulmen
927 505 987 542 est
1011 504 1223 544 conditum.
1274 500 1449 544 ‘Triste’

105 561 283 600 bidental
318 562 425 610 ideo,
463 563 557 611 quia
593 563 728 601 tristes
759 562 860 601 fiunt
888 563 1067 603 homines
1097 563 1277 603 uidentes
1308 561 1453 613 locum,

103 621 147 659 in
191 634 307 671 quem
350 621 535 660 ceciderit
576 621 737 660 fulmen.
813 622 961 662 Tristes
1005 624 1138 662 autem
1179 622 1453 663 recordatione

223 736 512 791 *<Bidental>]
569 738 695 779 Locus
727 742 812 789 est‚*
839 740 910 779 ubi
938 740 1097 791 publice
1128 740 1398 780 condebantur
1429 753 1454 780 a
1479 748 1524 781 10

103 799 306 838 sacerdote
336 799 518 848 fulmina,
547 799 613 837 uel
644 799 713 838 ubi
742 799 1053 839 immolabantur
1083 812 1189 849 oues,
1222 813 1323 850 quae
1354 800 1452 840 duos

104 857 242 897 dentes
272 857 421 896 habent
449 859 691 908 praecisores
724 852 767 911 (ν

223 911 335 956 472.
367 915 392 966 ἓ
406 917 577 956 Monerit
600 919 627 956 i.
653 930 683 956 c.
711 912 785 971 (c)]
839 917 1018 958 Incestus
1049 917 1196 958 dicitur
1225 919 1343 958 homo
1366 919 1453 969 pol·

103 977 228 1024 lutus,
272 976 341 1026 qui
383 976 583 1027 flagitium
624 978 867 1016 commiserit
908 979 979 1016 aut
1015 979 1058 1016 in
1094 989 1268 1017 sororem
1305 979 1375 1016 aut
1411 978 1453 1016 in

103 1035 346 1075 sacerdotem
377 1036 448 1074 aut
477 1035 519 1074 in
550 1035 710 1075 affinem
741 1031 799 1090 (Γ
807 1037 889 1084 Vc?
1479 1043 1522 1076 15

223 1089 335 1134 473.
385 1091 590 1147 *Clam-os]
652 1095 786 1134 Rudos
819 1091 877 1149 (Γ
895 1098 931 1135 et
953 1096 1032 1135 cod.
1058 1096 1156 1135 Hor.
1182 1108 1210 1135 a
1234 1090 1451 1150 (Ambros.)

223 1148 334 1194 474.
390 1153 627 1193 *Indoctum
663 1155 903 1205 doctumque
933 1156 960 1194 f.
987 1150 1063 1209 (ζ)]
1125 1155 1234 1194 Idest
1270 1155 1452 1194 omnibus

104 1212 221 1251 dicit:
255 1209 410 1252 ‘audite
442 1209 544 1252 mel'
577 1226 666 1253 cum
697 1214 747 1253 ab
778 1214 960 1254 omnibus
991 1215 1171 1266 fugiatur
1202 1209 1308 1269 (Γοζ

222 1266 333 1312 476.
377 1270 569 1322 §Hirudo
603 1267 702 1326 (σζ>]
758 1273 869 1313 Inter
897 1273 1171 1322 harundinem,
1201 1273 1453 1313 hirundinem

103 1333 144 1370 et
185 1331 409 1370 hirudinem
445 1333 617 1371 multum
653 1333 836 1372 interest:
877 1333 1058 1373 harundo
1095 1346 1240 1382 canna,
1282 1333 1451 1372 hirundo
1477 1340 1523 1372 20

105 1391 274 1439 anicula,
304 1391 446 1430 hirudo
478 1393 719 1443 sanguisuga
750 1387 832 1446 (Pb
848 1393 900 1432 Vc
907 1393 929 1440 ζ

221 1519 241 1549 2
269 1515 502 1561 sepeliebant
525 1516 701 1562 (seppelh
728 1517 774 1563 ζ)]
797 1516 1030 1562 reponebant
1042 1531 1063 1562 γ
1161 1521 1181 1552 3
1201 1516 1313 1552 aliter
1330 1516 1371 1551 id
1385 1516 1433 1552 K.

103 1561 194 1597 item
220 1562 364 1607 aliquid
388 1574 408 1598 r
433 1562 577 1608 aliquid
602 1569 678 1600 cett.
706 1564 816 1599 aliter
840 1564 924 1599 edit.
950 1564 990 1599 id
1012 1564 1145 1610 Porph.
1244 1567 1266 1598 4
1291 1563 1433 1609 appell:

102 1607 289 1654 apellatur
308 1623 329 1655 γ
353 1611 511 1646 uocatur
528 1622 549 1646 r
567 1622 633 1646 om.
645 1611 679 1646 V
769 1611 840 1646 hoc
881 1622 947 1646 om.
959 1612 994 1647 V
1085 1615 1105 1646 6
1125 1610 1333 1657 conditum]
1352 1610 1450 1656 posi-

102 1658 184 1690 tum
207 1656 255 1691 rb
388 1661 431 1692 13
457 1661 644 1693 472—476
670 1658 812 1694 DEFI
840 1659 902 1694 IT
921 1659 996 1695 cod.
1018 1673 1040 1694 v
1170 1662 1213 1693 21
1239 1657 1374 1693 hirudo
1401 1657 1450 1704 ει]

100 1714 196 1740 cone.
216 1705 350 1749 Porph.
