1638 2528
131 972 174 1004 10

132 1267 175 1298 15

127 1561 173 1593 20

204 74 292 118 262
641 74 804 111 SOHOL.
819 74 910 111 P‘V
922 75 979 110 m
998 74 1111 111 HOR.

204 186 426 226 liberabit.
460 186 546 226 Hoc
588 198 682 226 sane
720 187 771 225 ad
806 187 1004 226 hominem
1039 187 1209 226 relatum
1244 189 1305 226 est
1339 184 1432 240 [hoc
1469 189 1547 228 ests

203 241 355 297 uirum]
385 258 479 284 uere
511 245 729 313 sapientem
761 240 833 299 (P‘
847 246 906 294 bf
920 246 958 284 V

324 301 348 343 7
354 300 400 344 9
432 305 647 354 Responsio
678 306 757 343 uiri
787 305 976 354 sapientis
1008 306 1048 344 et
1071 304 1246 354 Horatii3
1277 307 1318 344 et
1348 277 1408 345 est
1431 305 1547 345 ordo:

202 363 290 402 hoc
319 364 439 402 sentit
474 364 598 403 bonus
635 365 699 402 uir
727 365 880 414 positus
910 365 954 402 in
985 365 1310 415 angustia211>se
1342 364 1436 404 deus
1467 367 1547 404 sta-

202 424 294 471 tim,
333 424 380 461 ut
408 423 591 472 noluero,
626 435 688 461 me
720 423 848 462 soluet
878 435 902 461 a
932 424 1112 462 uinculis.
1173 422 1276 468 Quid
1307 425 1342 463 si
1370 423 1546 463 moriar?

201 481 307 520 Mors
338 481 427 520 finis
459 495 591 520 rerum
621 484 680 520 est
712 477 781 535 (Γ’
796 482 834 521 V

733 634 1016 641 ————

751 754 913 794 EPIST.
943 757 964 793 1
972 756 994 793 7

322 842 365 887 1.
421 847 635 897 Praecepta
677 849 786 887 uitae
829 848 879 886 ad
921 847 1094 887 Lollium
1138 847 1327 887 Scaeuam
1370 850 1543 898 equitem

200 907 433 956 Romanum,
464 919 516 945 an
546 907 723 945 sectandi
747 908 827 946 sint
850 908 1036 957 potiores,
1067 909 1107 946 et
1130 907 1269 946 laudat
1292 907 1543 957 Aristippum

202 965 466 1014 Cirenaicum,
506 966 575 1015 qui
611 966 871 1004 adfectauerit
907 978 995 1004 cum
1031 966 1188 1017 regibus
1225 967 1360 1005 uiuere
1398 961 1503 1020 (ΓΤ
1511 966 1549 1005 V

319 1020 365 1064 4.
420 1025 675 1064 *Verecunde
724 1038 764 1064 se
806 1026 939 1076 tangit
982 1025 1095 1074 quasi
1136 1025 1333 1064 inferioris
1375 1025 1542 1075 peritiae

220 1080 274 1122 P'
288 1099 312 1122 α
326 1085 348 1122 b
362 1084 404 1122 Ε

201 1078 217 1136 <
319 1139 364 1181 8.
402 1141 622 1192 *Caupona
652 1137 736 1195 (a)]
791 1142 1063 1181 Diuersorium
1092 1144 1134 1181 ιιι
1165 1144 1243 1191 uia,
1275 1155 1320 1182 ae
1350 1156 1421 1192 per
1450 1143 1542 1182 hoc.

200 1202 234 1239 si
264 1201 488 1251 frequentia
519 1203 558 1239 et
589 1202 767 1240 sordibus
799 1201 1004 1240 offenderis
1037 1196 1108 1254 (Γ
1116 1202 1170 1239 ab

319 1260 574 1298 Terentinum
587 1255 669 1314 (α)]
701 1260 901 1310 Oppidum
921 1259 1171 1309 Campaniae,
1191 1261 1261 1298 alii
1279 1261 1541 1310 municipium

199 1319 340 1357 uolunt
364 1320 455 1357 uiae
474 1318 696 1357 Labicanae
717 1319 767 1357 ad
785 1319 954 1357 XLVIII
972 1319 1156 1369 lapidem,
1185 1319 1255 1357 alii
1274 1319 1541 1368 Ferentinum,

199 1378 304 1427 quod
333 1378 375 1415 in
406 1378 543 1416 Tuscis
575 1383 634 1416 est
664 1373 732 1431 (P‘
740 1379 826 1425 abs
834 1378 871 1416 V

316 1432 362 1476 9.
419 1436 579 1475 Sensus:
622 1436 757 1484 habet,
799 1437 946 1486 inquit,
985 1438 1025 1475 et
1060 1438 1274 1486 paupertas
1312 1437 1541 1486 uoluptates

199 1507 307 1544 suas,
347 1497 382 1534 si
411 1495 594 1534 molestia
624 1497 756 1534 careat
787 1496 828 1533 in
858 1498 1018 1534 remotis
1049 1496 1144 1534 locis
1177 1490 1328 1548 (P'ocf
1342 1496 1380 1534 V
1398 1507 1498 1534 con-s.
1519 1497 1542 1534 b

319 1549 394 1594 10.
426 1554 511 1593 Hoc
542 1557 618 1593 est:
650 1556 719 1604 qui
749 1555 835 1593 uita
865 1555 996 1603 latuit,
1027 1556 1072 1592 ut
1097 1556 1136 1593 et
1160 1557 1279 1593 natus
1306 1555 1346 1592 et
1370 1556 1541 1593 moriens

198 1614 457 1664 ignoraretur,
489 1614 557 1663 qui
588 1614 666 1652 fuit
696 1614 737 1651 in
768 1613 940 1652 obscuro.
997 1613 1069 1652 Est
1101 1615 1232 1652 autem
1257 1613 1542 1662 Epicureorum

198 1671 296 1710 λάθε
327 1671 486 1723 βιώσας,
517 1673 596 1711 late
626 1674 668 1710 in
699 1673 785 1711 uita
817 1666 977 1725 (F'abf
986 1673 1023 1711 V

319 1726 393 1771 11.
426 1730 499 1768 *Si
529 1733 590 1769 uis
615 1731 883 1782 indulgentius
909 1732 1055 1780 uiuere,
1086 1732 1284 1770 innotesce
1309 1733 1348 1769 et
1372 1744 1443 1781 per
1466 1731 1540 1770 hoc

197 1789 380 1839 prodesto
412 1791 491 1828 tuis
524 1784 707 1843 (F'ocbf
714 1790 756 1828 E

320 1843 396 1893 13,
446 1849 505 1886 Ex
540 1849 706 1887 historia
744 1849 866 1887 sumit
897 1849 1134 1898 exemplum,
1174 1849 1278 1897 quod
1307 1849 1539 1897 plerumque

198 1908 326 1956 prosit
373 1909 549 1946 amicitia
599 1909 809 1955 maiorum,
858 1920 1078 1957 proponens
1127 1907 1223 1945 duos
1270 1907 1541 1956 philosophos:

318 2034 336 2065 1
372 2031 442 2066 hoo
474 2033 530 2066 est
559 2030 681 2066 uirum
711 2042 778 2066 om.
799 2031 982 2066 vVeuom.
1004 2031 1024 2065 b
1168 2034 1187 2064 2
1219 2030 1358 2076 uirum]
1389 2041 1454 2065 om.
1474 2030 1498 2073 f

199 2081 220 2111 4
246 2076 284 2111 ιιι
310 2088 359 2112 an
413 2078 484 2113 stia
509 2078 652 2123 positus
680 2078 714 2113 V
829 2081 849 2112 5
875 2077 996 2112 soluet
1020 2088 1079 2112 me
1105 2077 1139 2111 V
1251 2080 1271 2110 9
1298 2088 1346 2111 an
1371 2077 1540 2112 sectandi

199 2123 275 2158 sint
299 2125 360 2168 Pf
401 2125 628 2160 insectandis
656 2124 748 2160 Vin
774 2124 1044 2160 sectandissent
1068 2137 1090 2158 ν
1235 2126 1278 2158 10
1303 2123 1384 2158 adf:
1409 2135 1429 2158 r
1470 2123 1537 2159 aff:

198 2175 274 2205 cett.
411 2177 451 2206 11
478 2172 602 2217 tangit
627 2172 664 2218 ν]
689 2183 755 2207 om.
776 2172 916 2207 I'och
1033 2174 1076 2205 15
1101 2171 1328 2206 terentinum
1353 2171 1393 2216 οι]
1436 2181 1540 2206 eren-

199 2217 320 2252 tinum
340 2218 431 2253 Hor.
531 2223 573 2253 16
599 2219 684 2253 uiae
704 2218 859 2254 Latinae
878 2218 922 2253 F.
933 2218 1052 2254 Ritter
1149 2221 1190 2252 17
1216 2217 1331 2263 quod]
1357 2218 1496 2253 om.vV
1581 2231 1583 2234 ·

202 2267 244 2298 19
270 2264 442 2301 molestia
463 2266 597 2311 Pabf]
622 2265 817 2301 molestiae
841 2264 1023 2309 (molestie
1041 2266 1077 2310 v)
1098 2264 1161 2299 vV
1252 2264 1290 2298 in
1309 2264 1401 2299 locis
1420 2276 1539 2300 remo-

197 2310 283 2346 tisu
292 2311 326 2345 V
417 2316 460 2346 21
482 2313 546 2356 qui
562 2312 695 2358 Foebf]
723 2314 760 2347 et
785 2311 849 2356 qui
875 2312 940 2347 vV
