1656 2524
188 73 275 116 104
623 72 784 110 SCHOL.
799 73 893 111 P'V
904 73 958 110 IN
980 73 1093 110 HOR.

303 181 576 236 *‘Oppedere'
609 185 894 236 contradicere,
925 187 1041 236 quasi
1071 187 1210 225 contra
1239 186 1379 236 pedem
1408 198 1531 237 oppo-

185 257 288 315 ner'e.
366 244 451 283 Alii
498 244 663 283 uerbum
711 245 914 284 foeditatis
962 245 1121 294 uolunt,
1169 245 1237 284 sed
1284 245 1429 284 falsum
1471 247 1532 285 est

186 298 245 356 (Γ
275 303 382 402 ὂξθ.
429 356 506 402 71.
561 361 726 412 §Nulla
766 363 866 401 mihi
907 363 1074 413 inquam
1114 376 1146 401 r.
1178 357 1259 416 (ν)]
1324 362 1411 402 Hoc
1453 366 1530 402 est:

137 428 159 460 5
184 420 302 491 facile
355 422 427 460 hos
481 423 735 472 contempno,
796 434 963 472 quorum
1017 422 1208 473 religione
1262 434 1341 461 non
1393 424 1531 461 teneor

184 474 242 533 (Γ
274 480 665 588 ὁζῙιῖοζξΙῃΗι-ωὶοι·
695 534 804 592 (νζ)]
858 539 967 578 Idest
995 539 1160 579 timidus
1191 552 1279 578 sum
1309 542 1349 579 et
1377 540 1452 580 hac
1482 540 1530 580 de

183 610 302 637 causa
332 598 419 637 colo
449 610 584 638 omnes
613 598 824 650 religiones
854 594 956 652 (ΓΤ
964 599 1054 648 Ῡοζ,
1085 611 1196 638 euan.
1223 599 1245 637 b

248 713 259 727 Ι
300 656 432 703 *Quia
473 658 638 696 nimiam
674 658 907 710 religionem
942 657 1152 696 infirmitas
1191 657 1288 697 facit
1324 660 1364 697 et
1399 660 1529 698 metus

114 723 158 755 ¹⁰
183 710 241 769 (Γ
272 717 393 815 bbg?
414 775 576 814 *Solem
607 770 689 829 (ν)]
744 775 852 814 Idest
882 775 1053 814 huncine
1083 775 1188 814 diem
1211 777 1295 815 tam
1319 776 1529 815 molestum

182 835 311 873 ortum
342 834 441 873 mihi
472 847 555 874 esse
586 829 783 887 (F'bfcg,
812 835 880 874 sed
904 836 926 873 b
944 835 1225 883 propemodum
1256 836 1416 874 euanuit

303 888 377 934 73.
410 892 550 943 §Tam
581 895 740 945 nigrum
770 888 874 947 (οζ)]
930 894 1028 932 Tam
1059 895 1216 932 tristem
1241 895 1282 932 et
1305 893 1529 944 aduersum,

181 953 245 990 cui
275 953 517 991 contrarium
549 948 673 1006 (Pers.
701 953 740 1002 2,
769 947 831 1006 1):

112 1031 155 1063 15
281 1023 408 1073 Hunc,
426 1023 613 1074 Macrine,
632 1023 738 1062 diem
755 1036 920 1062 numera
938 1023 1100 1063 meliore
1119 1024 1258 1074 lapillo
1279 1020 1400 1076 [idest
1418 1019 1527 1076 albo]

181 1087 239 1145 (Γ
248 1090 296 1142 'f
309 1093 404 1141 Ῡθζ

299 1152 498 1191 *Surrexe
529 1147 632 1206 (οζ)]
687 1153 764 1192 Pro
797 1154 1010 1192 surrexisse
1041 1149 1149 1207 (Γοζ

298 1211 534 1262 *Improbus
561 1206 643 1266 (v)]
699 1212 807 1251 Idest
831 1213 971 1262 malus,
997 1213 1065 1263 qui
1089 1226 1169 1251 non
1193 1213 1377 1251 subuenit
1401 1213 1527 1252 amico

180 1282 250 1310 suo
301 1272 340 1309 Γ
346 1267 357 1281 ’
369 1271 395 1319 f

110 1336 156 1369 20
283 1265 378 1369 <74.
433 1328 544 1367 *Sub
589 1330 717 1369 cultro
756 1325 798 1383 (v
806 1325 864 1383 c)]
924 1329 1185 1369 Prouerbium
1229 1332 1305 1368 est:
1347 1330 1450 1369 idest
1484 1331 1527 1368 in

181 1388 357 1427 maxima
386 1388 570 1427 molestia
601 1401 689 1427 cum
719 1387 989 1445 ἐπιφερομένῳ
1021 1384 1172 1442 (ΓὙοζ

303 1442 378 1487 75.
422 1445 605 1486 *Obuius
637 1442 739 1502 (σζ)]
794 1442 1160 1500 <Ἐπιφερόμενος>
1193 1443 1261 1501 (cg

302 1501 378 1545 76.
434 1505 459 1556 ξ
473 1506 526 1544 Et
568 1507 662 1545 licet
705 1507 896 1546 antestari
941 1501 1016 1560 (ζ)]
1086 1506 1372 1545 Denuntiantes
1415 1506 1527 1544 litem

181 1566 401 1619 antestatos
432 1564 644 1614 habebant,
676 1565 817 1615 quibus
841 1565 1116 1616 praesentibus
1142 1565 1437 1615 conueniebant,
1468 1566 1528 1603 ita

113 1630 157 1662 25
185 1625 231 1662 ut
278 1636 415 1662 aurem
464 1624 545 1663 iuis
594 1625 713 1664 tertio
755 1625 958 1663 uellerent.
1026 1623 1091 1663 Sic
1135 1623 1296 1663 Seruius
1338 1625 1528 1676 magister

185 1678 334 1734 [urbis]
366 1683 555 1733 exposuit.
611 1683 695 1721 Alii
720 1684 775 1722 sic
800 1686 1010 1734 exponunt,
1042 1683 1148 1733 quod
1172 1683 1383 1722 Horatium
1407 1684 1527 1721 inter-

179 1742 401 1792 rogauerit,
439 1742 473 1780 si
509 1743 623 1781 testis
661 1754 743 1781 esse
781 1744 1002 1793 pateretur,
1040 1744 1080 1781 et
1109 1742 1301 1782 Horatius
1338 1742 1528 1792 optulerit

180 1813 315 1838 aurem
351 1800 467 1839 ultro.
531 1801 721 1839 Solebant
758 1802 862 1840 enim
899 1802 1062 1840 testium
1093 1813 1207 1839 aures
1236 1802 1369 1839 tenere
1400 1803 1440 1839 et
1469 1800 1528 1839 ita.

181 1858 324 1898 dicere:
358 1856 586 1909 ‘memento‚
619 1860 727 1909 quod
758 1863 803 1898 tu
833 1859 931 1898 mihi
961 1861 1003 1898 in
1033 1860 1105 1898 illa
1136 1871 1255 1899 causa
1277 1861 1390 1898 testis
1416 1860 1492 1898 eris
1502 1856 1525 1896 ².

299 1986 318 2016 2
343 1982 517 2029 uerbum]
548 1982 673 2018 cibum
697 1983 799 2019 codd.
895 1987 919 2018 4
943 1982 1014 2018 hoc
1039 1984 1111 2029 est]
1136 1982 1234 2018 idest
1256 1985 1302 2024 σζ
1394 1987 1415 2017 5
1441 1993 1526 2018 con-

183 2030 309 2063 temno
334 2041 352 2064 c
377 2030 560 2065 contendo
586 2033 606 2072 ζ
724 2034 765 2065 11
791 2032 870 2065 tam
893 2031 952 2076 cg]
977 2041 1044 2065 om.
1064 2034 1139 2065 cett.
1259 2029 1413 2064 moleste
1437 2032 1483 2071 οζ

184 2079 227 2109 13
253 2075 293 2109 Ia
319 2075 511 2120 nigrumV
604 2081 647 2112 15
666 2077 830 2112 macrine
850 2088 916 2112 om.
928 2076 973 2111 P‘
1070 2076 1168 2112 idest
1186 2076 1313 2111 alboV
1327 2080 1477 2112 omoett.

184 2125 226 2156 17
254 2133 405 2157 sun-axe
430 2127 450 2165 ζ
473 2134 634 2159 surresse
659 2134 678 2158 c
808 2127 850 2159 18
876 2124 940 2168 qui
960 2144 1004 2149 -—
1025 2124 1107 2169 suo]
1132 2134 1198 2159 om.
1218 2134 1239 2158 r
1357 2127 1401 2157 20
1427 2123 1466 2157 in
1490 2124 1526 2170 r]

182 2168 250 2203 sub
275 2170 379 2211 som.
402 2173 505 2214 γνοζ
631 2175 672 2205 21
701 2181 784 2205 cum
810 2171 861 2217 ἐς]
887 2170 954 2205 sub
981 2172 1105 2215 (super
1123 2172 1154 2214 c)
1179 2169 1245 2205 illo
1270 2169 1420 2215 garrulo
1446 2175 1526 2216 (ga-

181 2214 262 2250 rulo
288 2217 319 2260 ζ)
338 2219 383 2257 cg
518 2221 562 2252 22
589 2218 708 2263 ἐπιφ]
733 2218 869 2254 lacuna
893 2218 934 2252 in
957 2220 1003 2259 εζ
1137 2220 1181 2252 26
1206 2216 1309 2251 urbis
1335 2217 1414 2260 ch
1436 2220 1478 2252 ro
1504 2231 1526 2253 ν

180 2262 306 2297 uerbis
333 2265 352 2304 ζ
368 2263 487 2306 om.V,
512 2265 605 2299 absc.
627 2265 647 2300 b
759 2267 802 2299 27
829 2263 1008 2309 optulerit
1033 2264 1128 2310 PV]
1154 2264 1332 2299 obtulerit
1355 2265 1481 2308 bfvcg‘
1508 2283 1511 2286 -

183 2312 226 2344 29
252 2310 359 2344 testis
386 2309 457 2344 eris
483 2309 522 2344 in
547 2310 614 2345 illa
640 2321 753 2346 causa
776 2311 839 2347 rV
