1626 2524
484 71 490 78 '
551 104 617 142 DE
642 106 771 142 ARTE
794 106 1002 143 POETICA
1361 106 1447 150 337

226 215 334 260 163.
369 218 394 269 ξ
411 218 554 258 Cereus
583 221 626 258 in
655 219 800 258 uitium
826 213 968 273 (Vc§)]
1023 219 1168 258 Facilis
1193 221 1447 270 comparatio.

103 279 213 318 Idest
248 292 393 330 pronus
432 280 492 318 est
523 278 748 318 adulescens
779 278 831 316 ad
860 279 1022 328 uitium,
1066 280 1138 317 aut
1167 280 1284 329 quasi
1314 291 1447 318 cereus

103 340 163 378 ita
193 338 365 378 flectitur
393 340 435 377 in
466 339 622 386 uitium,
654 339 724 376 aut
755 333 920 377 ‘flectit'
953 338 1062 377 deest
1092 334 1176 377 ‘se'
1208 332 1289 392 (Pb
1298 338 1379 385 Ver

221 395 538 449 *<M0nitoribus
570 393 732 449 asper>]
783 396 1040 447 Contemptor
1068 397 1363 449 pedagogorum
1394 392 1453 450 (Γ

224 463 331 508 164.
387 469 586 507 *Vtilium
616 471 644 508 t.
669 482 708 518 p.
735 463 812 522 (c)]
875 468 1002 508 Tarde
1033 468 1144 508 uidet
1172 469 1306 519 utilia,
1344 481 1445 519 quae
1494 475 1516 507 5

104 531 270 579 prosunt
299 528 376 567 sibi
407 522 514 581 (Γσζ

225 594 332 639 165.
382 598 601 638 *Sublimis
634 593 736 651 (σζ)]
791 597 967 648 Erectus,
998 599 1187 649 superbus
1219 594 1355 652 (Γόοζ

219 655 520 710 *Cupidusque]
576 657 730 696 Ardens
761 657 812 696 ad
842 659 975 697 omnia
1006 652 1143 712 (Γὺοζ

220 717 245 767 ξ
259 719 312 757 Et
353 719 486 757 amata
524 712 604 771 (οξ)
642 718 862 766 relinquere
898 718 1037 767 pernix
1068 711 1190 770 (V§)]
1245 716 1332 756 Hoc
1369 718 1445 756 est:

101 777 217 816 uelox
243 778 293 815 ad
318 777 524 816 fastidium
549 777 785 826 cupitorum,
815 776 919 815 idest
942 777 1053 826 leuis,
1083 777 1323 826 inconstans,
1354 777 1444 825 cito,
1471 783 1515 815 10

102 849 203 886 quae
234 839 326 876 ante
359 838 577 884 amauerat,
608 835 852 886 contempnit
883 829 941 888 (Γ
950 836 1031 883 Ῡσζ

223 902 330 948 166.
363 906 389 957 ἓ
405 906 612 946 Conuersis
637 906 778 945 studiis
805 901 948 960 (Ῡοζ)]
997 906 1104 946 Idest
1127 907 1313 956 mutati53
1342 906 1446 945 idest

101 967 181 1005 iam
220 968 284 1005 uir
314 967 441 1005 factus
473 979 551 1005 non
583 968 643 1005 est
675 963 883 1017 ‘prodigus
915 966 1016 1004 aeris
1025 962 1049 1015 ',
1093 965 1160 1004 sed
1190 965 1354 1016 cupidus
1385 978 1443 1004 re-

101 1026 274 1075 ponendi
306 1020 363 1078 (Γ
372 1026 425 1064 Vc
432 1027 453 1072 ζ

223 1092 329 1136 167.
386 1097 588 1135 *Inseruit
628 1097 769 1134 honori
813 1090 915 1150 (οζ)]
975 1095 1219 1135 Ambitiosus
1263 1095 1444 1145 efficitur,
1470 1102 1514 1135 15

100 1155 172 1194 dat
202 1168 373 1205 operam,
405 1157 450 1194 ut
479 1156 667 1194 honorem
697 1155 868 1205 accipiat
899 1149 1006 1208 (Γεζ

222 1221 330 1266 168.
362 1225 387 1276 ξ
403 1225 651 1266 Commisisse
682 1228 798 1266 cauet
828 1221 930 1280 (V)]
988 1222 1133 1278 [Idest]
1165 1227 1280 1265 canet
1309 1227 1443 1276 paeni-

100 1285 219 1323 tenda
263 1287 524 1335 committere,
566 1286 669 1325 idest
710 1286 825 1324 timet
861 1286 935 1324 hoc
972 1286 1117 1334 facere,
1162 1285 1268 1335 quod
1304 1286 1443 1335 postea

100 1344 298 1383 laborabit
327 1347 480 1383 mutare
513 1340 571 1398 (Γ
579 1346 661 1392 ῘῙσζ
683 1357 740 1383 eu.
761 1346 782 1383 b

221 1410 329 1455 169.
379 1416 536 1455 *Multa
566 1429 594 1455 s.
621 1429 652 1455 c.
677 1418 703 1454 1.
730 1410 806 1469 (6)]
860 1415 1003 1464 Docet,
1041 1427 1142 1465 quae
1173 1417 1265 1454 sunt
1294 1416 1441 1454 incom-
1467 1422 1512 1454 20

97 1475 216 1513 moda
253 1477 482 1524 senectutis,
522 1477 591 1525 qui
627 1477 667 1514 et
703 1475 886 1513 laborant
917 1487 1104 1524 quaerere
1135 1475 1175 1512 et
1205 1471 1441 1524 qu<a>esita

99 1547 177 1572 non
208 1536 380 1585 tangunt
411 1529 545 1587 (Γόοζ

221 1600 328 1644 170.
384 1605 577 1650 *Quaerit
614 1607 654 1643 et
690 1606 862 1643 inuentis
899 1605 1018 1643 miser
1049 1603 1108 1641 ab.
1135 1598 1218 1660 (ζ)]
1281 1603 1339 1642 Ex
1370 1615 1441 1642 sua

100 1665 296 1701 sententia
327 1664 518 1703 Horatius
550 1660 708 1703 ‘miser'
742 1664 844 1702 dixit
874 1658 951 1715 (Γο
959 1663 982 1710 ζ
1002 1663 1085 1701 sim.
1106 1663 1128 1701 b

216 1722 303 1760 *Ac
327 1723 442 1761 timet
465 1724 526 1761 uti
546 1718 621 1775 (c)]
654 1722 813 1760 Scilicet
837 1723 931 1771 quia
955 1722 1090 1770 nescit,
1116 1720 1303 1771 quamdiu
1327 1722 1440 1760 uiuat
1464 1729 1510 1760 25

120 1783 157 1818 Γ
221 1782 242 1819 b
276 1793 295 1819 c

100 1776 117 1833 (
166 1776 207 1833 (y
221 1777 329 1892 1)71ζ.
361 1850 610 1902 §Gelideque
642 1852 842 1890 ministrat
872 1846 976 1904 (V)]
1032 1849 1169 1890 Gelide
1198 1850 1301 1890 idest
1331 1863 1439 1889 ener-

220 1982 236 2011 1
263 1976 404 2012 uicium
431 1977 479 2012 Vc
605 1980 624 2010 2
651 1976 755 2011 adul:
782 1976 815 2022 c]
841 1975 943 2010 adol:
968 1976 1015 2017 νζ
1037 1974 1167 2010 adhul:
1197 1976 1231 2010 V
1251 1974 1378 2010 adholz
1404 1988 1436 2020 γ,

99 2025 119 2059 b
138 2035 242 2059 euan.
364 2027 384 2058 3
410 2023 543 2070 flectit]
568 2034 651 2070 erqo
676 2028 801 2059 auctor
824 2023 951 2058 scholii
973 2023 1101 2058 habuit
1124 2033 1204 2057 uar.
1226 2023 1299 2057 lect.
1321 2021 1438 2058 flectit

93 2081 165 2115 pro
188 2070 288 2106 flecti
393 2071 513 2118 deest]
539 2082 605 2106 om.
626 2071 671 2113 εζ
813 2074 831 2104 7
858 2080 894 2104 e:
921 2070 970 2116 ez]
997 2081 1082 2114 sup:
1108 2079 1164 2104 er:
1190 2072 1235 2111 οζ
1258 2080 1343 2114 sup:
1369 2070 1389 2105 b

103 2122 145 2152 10
170 2118 380 2163 cupitorum
405 2118 504 2165 edit]
532 2118 751 2163 cupidorum
775 2117 876 2153 codd.
976 2121 1016 2151 11
1044 2118 1282 2152 contemnens
1307 2127 1326 2151 c
1351 2127 1436 2152 con-

99 2166 254 2200 tennens
273 2169 293 2207 ζ
434 2169 477 2200 12
503 2165 602 2200 idest
621 2194 628 2200 .
651 2194 657 2200 .
681 2194 687 2200 .
708 2165 821 2210 idest]
847 2175 913 2200 om.
933 2167 978 2206 εζ
1094 2163 1264 2210 mutatis]
1290 2165 1436 2199 mutata

99 2211 292 2247 uoluntate
312 2212 559 2258 (uolumptate
572 2213 602 2258 ζ)
616 2215 662 2254 cg
757 2215 798 2247 17
819 2211 917 2246 idest
928 2222 948 2246 r
961 2222 1026 2247 om.
1036 2225 1057 2256 y
1067 2211 1142 2252 ch
1233 2211 1379 2256 paenit:
1399 2211 1434 2258 r]

99 2258 218 2302 penit:
245 2260 351 2304 chg‘
490 2263 533 2294 22
559 2260 649 2306 11011]
674 2259 876 2303 aliquando
901 2269 974 2293 non
999 2261 1044 2301 σζ
1178 2261 1222 2292 23
1248 2258 1317 2294 hoc
1343 2258 1436 2293 dicit

99 2305 265 2340 horatius
285 2307 304 2342 b
400 2311 445 2342 25
465 2307 609 2342 scilicet
622 2311 706 2352 post
723 2306 843 2341 nescit
855 2316 942 2351 pon.
962 2306 1007 2347 οζ
1101 2308 1144 2339 27
1164 2304 1288 2351 gelide
1309 2306 1434 2352 Pbeg]

99 2363 164 2388 om.
188 2354 222 2388 V

169 2418 409 2445 Psnvnncnoms
429 2426 565 2445 scnonu
584 2426 618 2445 m
637 2419 822 2446 Hou'rtvu.
858 2419 897 2444 Π.
1178 2414 1222 2446 22
