1626 2524
512 103 748 140 ADDENDA
773 103 870 139 AVT
896 102 1211 139 GORRIGENDA
1442 101 1528 146 509

238 213 499 255 Caesariensis,
529 212 743 247 mentionem
771 210 864 255 facit
887 210 1138 257 Hieronymus
1167 211 1210 246 de
1240 211 1312 246 uir.
1337 211 1404 246 inl.
1428 221 1458 246 c.
1484 213 1531 245 54

233 271 272 304 p.
294 263 349 302 32,
366 262 408 293 19
436 258 666 294 Richardson

187 307 205 341 I
224 319 263 352 p.
285 311 305 340 2
332 307 396 342 lin.
418 309 437 340 9
463 307 575 342 uerba
594 316 616 340 a
635 305 731 350 pede
751 305 1043 340 choriambicum
1061 306 1213 341 delenda
1225 309 1341 341 censet
1358 305 1390 341 I.
1404 304 1532 342 Simon

187 354 205 388 I
224 366 264 399 p.
285 357 305 388 9
331 365 460 399 appar.
488 354 552 389 lin.
575 357 594 387 6
621 354 685 399 leq.
711 352 881 398 hispidus
906 353 1007 399 yoefj
1025 363 1097 398 pro
1121 352 1293 398 hispidus
1319 353 1372 397 1⁷3·

188 401 205 435 Ι
224 413 263 446 p.
287 404 329 436 15
356 402 419 436 lin.
441 404 483 435 21
511 401 596 436 add.
622 401 644 422 *
667 404 752 436 ante
776 400 831 435 De

188 449 205 483 I
226 460 263 493 p.
287 451 330 483 16
357 449 420 484 lin.
442 451 462 482 2
483 459 553 493 pro
580 445 770 483 σκαλίδιον
789 448 956 483 Heraeus
980 459 1068 483 mus.
1090 448 1161 484 Rh.
1184 450 1274 482 1903
1294 459 1334 493 p.
1355 450 1423 482 466
1443 457 1531 492 pro-

233 497 342 540 ponit
366 495 516 541 ὀρύγιον
540 496 600 530 uel
622 494 777 537 τζάπιον

189 544 205 577 I
226 555 264 588 p.
287 547 328 577 21
356 555 391 578 u.
414 546 516 577 1-4.
557 543 761 578 Lectionem
785 546 992 588 corruptam
1016 547 1101 578 ante
1128 543 1249 578 oculos
1278 542 1445 578 habuisse
1473 543 1530 578 ui-

238 591 342 626 detur
378 590 670 636 Mythoyraphus
702 589 719 623 Ι
755 593 820 624 181
853 601 891 634 p.
918 590 1038 625 5513„-
1080 590 1225 626 Reuera
1245 618 1252 624 .
1275 618 1281 624 .
1305 618 1311 624 .
1332 589 1532 625 manubiae

238 637 472 679 Mineruales,
481 637 579 671 idest
591 637 762 681 fulmina,
773 638 1015 682 tempestates
1028 637 1270 682 grauissimas
1285 638 1532 680 commouent,

238 686 284 728 cf.
310 686 418 720 etiam
443 685 561 721 Senec.
586 689 663 720 nat.
690 688 822 730 quaest.
847 684 882 719 H
906 688 949 719 41
965 696 1018 729 sq.

190 733 206 766 Ι
227 745 266 778 p.
288 736 332 767 33
359 734 423 768 lin.
443 736 465 766 4
491 732 734 776 uoluptate
759 731 963 767 faciente
987 737 1077 768 recte
1101 737 1221 768 tuetwr
1246 733 1412 768 Heraeus

228 792 267 825 p.
289 783 333 814 49
361 781 423 815 lin.
446 783 465 814 9
487 784 571 824 post
594 779 789 814 uasculum
808 790 905 824 pone
930 790 1074 814 comma

226 839 265 872 p.
286 830 330 861 57
358 828 421 862 lin.
445 830 487 861 16
509 838 578 872 pro
604 827 828 873 [Fugantur]
855 826 1022 863 Heraeus
1042 827 1219 872 proponit
1242 826 1427 862 Sedantur

228 887 265 919 p.
289 878 331 908 61
360 876 423 910 lin.
447 878 489 908 15
510 885 580 919 pro
606 884 734 908 uersus
761 875 823 920 leq.
849 884 958 908 uersu

227 934 266 967 p.
289 925 330 956 91
360 923 422 957 lin.
445 925 489 956 29
502 933 552 966 sq.
578 933 644 966 pro
671 922 800 957 ‘totum
823 922 983 957 scholion
1007 932 1074 957 om.
1100 922 1132 957 c'
1161 922 1224 968 leq.
1251 921 1372 956 medie
1397 933 1416 957 c

227 981 265 1014 p.
288 973 332 1003 94
359 970 422 1004 lin.
446 972 488 1003 10
515 968 721 1014 uiripotens
745 970 805 1004 uel
827 968 900 1003 uiri
924 970 1057 1014 potens
1082 973 1172 1005 recte
1185 969 1348 1014 praefert
1367 969 1535 1004 Heraeus

227 1028 266 1061 p.
290 1019 356 1050 119
383 1017 446 1051 lin.
469 1020 487 1051 1
516 1017 579 1062 ley.
605 1015 716 1050 ludus
736 1027 807 1061 pro
832 1015 939 1051 lodus

191 1063 207 1097 Ι
228 1067 355 1145 ῧ1139
383 1064 446 1098 lin.
470 1067 512 1098 19
539 1064 632 1146 aRd'de
646 1063 957 1156 1(353Lucgtgiz.)VI
982 1066 1038 1107 60,
1064 1064 1159 1108 quod
1184 1064 1327 1108 quidem
1349 1063 1536 1109 perspexit

282 1123 407 1147 eraeus
431 1122 520 1146 mus.
611 1139 617 1145 .
789 1138 796 1145 .

191 1158 207 1192 1
228 1171 267 1203 p.
290 1162 356 1193 159
383 1159 447 1193 lin.
470 1162 512 1192 12
533 1169 604 1203 pro
624 1158 724 1203 quod
743 1122 955 1193 oetenderet
969 1169 1134 1202 propono
1159 1169 1244 1203 quo
1270 1158 1536 1193 ostenderet

192 1205 208 1239 I
228 1218 267 1250 p.
290 1209 356 1240 163
383 1206 447 1240 lin.
470 1209 489 1239 7
510 1217 581 1250 pro
605 1205 889 1250 relinquendam
915 1205 1109 1241 Stowasser
1133 1206 1297 1250 praefert
1320 1205 1536 1240 relicturam

239 1258 281 1288 ut
311 1254 387 1288 emh.
414 1253 548 1299 chp,
574 1253 669 1297 quod
699 1253 842 1298 quidem
861 1263 932 1298 pro
957 1253 1186 1288 substantiuo
1211 1254 1471 1298 interpretatur
1495 1257 1537 1288 ut

235 1301 404 1345 pictura,
435 1304 595 1343 statwra,
627 1304 775 1335 natwra.
825 1301 888 1335 An
917 1301 1091 1345 scriptum
1122 1305 1199 1336 erat
1222 1300 1404 1335 relictuiri
1429 1304 1536 1335 eam?

240 1348 284 1390 cf.
312 1348 446 1393 Porph.
472 1359 582 1383 carm.
607 1347 624 1381 I
651 1351 669 1382 1
696 1348 747 1382 in.
774 1346 943 1382 relatuiri
973 1351 1006 1383 et
1037 1358 1128 1392 quae
1159 1348 1201 1383 de
1231 1348 1300 1383 hac
1328 1348 1449 1391 forma
1475 1358 1534 1382 ex-

236 1396 361 1439 posuit
385 1395 590 1441 Landyraf
615 1396 655 1429 in
688 1395 872 1438 Wolfflini
900 1396 1039 1430 archiu.
1068 1396 1154 1430 Lat.
1181 1396 1247 1430 lex.
1273 1394 1324 1428 IX
1344 1406 1382 1440 p.
1403 1398 1471 1429 556
1484 1406 1534 1440 sq.

194 1441 210 1475 Ι
231 1454 268 1487 p.
292 1446 359 1476 173
387 1443 451 1477 lin.
475 1445 493 1477 7
515 1453 586 1487 pro
611 1442 772 1477 ferocem
797 1442 992 1478 Stowasser
1011 1443 1186 1487 proponit
1211 1441 1430 1477 frementem

193 1490 208 1524 I
230 1501 268 1534 p.
292 1493 358 1524 188
385 1490 449 1525 lin.
470 1494 490 1524 2
511 1501 582 1535 pro
608 1491 756 1524 curatas
782 1490 950 1525 Heraeus
968 1490 1144 1534 proponit
1171 1490 1323 1534 paratas

193 1537 209 1571 I
230 1549 269 1581 p.
292 1540 358 1571 192
385 1538 448 1572 lin.
470 1540 510 1571 5:
545 1537 708 1572 codicum
734 1538 915 1572 lectionem
940 1536 1221 1582 prosperabitur
1253 1539 1334 1581 (pro
1358 1547 1536 1582 prospera

242 1583 393 1618 dabitur
417 1585 517 1628 edit.)
545 1585 706 1627 defendit
729 1584 924 1620 Stowasser

194 1631 210 1665 Ι
230 1643 268 1676 p.
292 1634 358 1666 194
385 1632 448 1666 lin.
471 1635 491 1665 6
512 1643 582 1677 pro
607 1633 722 1676 negat
746 1631 825 1666 fore
850 1633 999 1677 (negare
1019 1631 1135 1676 codd.)
1154 1631 1349 1667 Stowasser
1361 1633 1538 1676 proponit

242 1688 374 1713 necare

195 1725 210 1758 Ι
231 1738 270 1769 p.
294 1728 359 1759 199
387 1726 449 1760 lin.
472 1730 491 1759 2
512 1737 582 1770 pro
608 1725 755 1760 excludi
779 1726 975 1761 Stowasser
999 1726 1164 1761 emendat
1189 1725 1335 1760 extrudi

196 1772 211 1806 I
234 1785 270 1816 p.
294 1776 359 1806 199
386 1773 454 1807 lin.
476 1776 519 1806 14
546 1783 615 1817 pro
647 1773 848 1808 extruendo
882 1775 912 1808 I.
940 1774 983 1807 F.
1014 1773 1226 1809 Gronouius
1256 1773 1446 1818 proposuit
1477 1783 1536 1808 ex-

245 1820 427 1854 trudendo

196 1867 211 1899 I
234 1879 271 1911 p.
294 1870 361 1900 200
389 1868 451 1902 lin.
473 1871 510 1901 2:
538 1867 704 1903 Heraeus
723 1868 896 1912 proponit
922 1868 1056 1902 cuncta
1082 1866 1238 1902 effluant

197 1914 212 1948 Ι
234 1926 271 1958 p.
294 1918 361 1948 203
388 1914 451 1948 lin.
475 1917 516 1948 16
542 1925 609 1958 pro
633 1925 700 1958 per
724 1925 834 1960 gyras
861 1915 923 1961 leq.
950 1925 1170 1959 pergyras
1201 1915 1247 1957 cf.
1274 1914 1415 1950 Siluiae
1435 1925 1535 1959 pere-

245 1962 404 2007 9rinatio
424 1973 463 2006 p.
484 1964 527 1995 63
539 1961 581 1996 G.
611 1962 803 2005 (Heraeus,
828 1973 916 1997 mus.
944 1962 1013 1997 Rh.
1043 1965 1132 1996 1903
1157 1973 1192 2005 p.
1214 1965 1282 1996 465
1295 1964 1362 2006 sq.)

197 2008 212 2042 Ι
234 2020 273 2052 p.
294 2012 362 2042 223
389 2009 452 2043 lin.
474 2011 493 2042 2
522 2020 591 2052 pro
621 2008 714 2043 uicti
740 2010 905 2044 Heraeus
925 2010 1100 2054 proponit
1130 2008 1269 2054 priuati
1301 2009 1372 2053 (uel
1403 2008 1537 2054 orbati)

197 2055 213 2090 Ι
233 2067 273 2100 p.
295 2058 362 2089 230
389 2056 452 2090 lin.
475 2058 492 2089 1
525 2067 645 2091 uocem
679 2055 808 2090 audire
838 2061 919 2101 post
954 2056 1045 2090 mihi
1081 2056 1274 2092 Stowasser
1308 2057 1434 2092 lemma
1468 2068 1539 2092 esse

240 2107 351 2147 putat
369 2103 559 2137 uerborum
582 2104 803 2147 sequentium

199 2150 214 2183 I
236 2161 273 2194 p.
297 2153 364 2184 235
392 2150 454 2184 lin.
477 2153 497 2183 3
519 2160 588 2193 pro
615 2152 648 2183 Γ
670 2151 733 2195 leq.
763 2148 809 2184 P'

198 2196 215 2231 I
234 2209 272 2242 p.
295 2200 361 2231 247
390 2198 452 2231 lin.
474 2199 556 2241 5sq.
590 2199 729 2241 quanto
752 2225 757 2231 .
781 2225 786 2231 .
810 2226 816 2231 .
837 2199 943 2232 tanto
973 2197 1134 2241 defendit
1161 2197 1270 2233 Kroll
1293 2198 1383 2233 conl.
1411 2198 1538 2233 Land-

246 2246 361 2290 grafio
387 2244 428 2278 in
455 2244 654 2287 Woelfflini
677 2245 773 2279 arch.
799 2243 849 2278 IX
870 2256 908 2289 p.
929 2248 995 2278 561

199 2290 215 2323 Ι
236 2303 274 2335 p.
296 2295 364 2325 302
391 2292 453 2326 lin.
478 2294 518 2324 17
546 2291 620 2326 dele
645 2302 781 2326 comma
800 2296 884 2337 post
907 2303 973 2326 nos

200 2337 215 2370 1
236 2349 273 2382 p.
296 2342 363 2372 303
391 2340 454 2373 lin.
476 2342 496 2372 8
540 2339 650 2374 uerba
691 2339 842 2383 propter
884 2339 1066 2374 nuditatis
1110 2339 1292 2374 incestum
1335 2340 1540 2384 interpretis

191 780 207 814 Ι

190 828 206 861 I

190 874 207 908 I

191 922 206 955 I

191 969 207 1003 I

191 1017 207 1051 Ι
