1626 2524
107 763 150 795 10

105 1070 147 1102 15

180 89 265 132 358
615 88 776 125 SCHOL.
791 88 838 125 Γ’
849 89 884 125 V
896 88 948 124 IN
971 88 1084 125 HOR.

180 214 272 253 ergo
321 201 519 241 diasirtica
569 195 656 254 (leq.
681 195 911 254 diasyrtica)
963 201 1062 240 dicit
1100 200 1309 241 Horatius:
1357 203 1392 240 si
1438 204 1519 240 non

179 261 396 300 totonderit
432 262 569 311 caput,
610 273 757 300 nomen·
788 262 928 310 poetae
958 261 1221 310 nanciscetur,
1265 260 1369 310 quod
1399 262 1521 310 caput

179 333 258 359 non
287 322 452 359 sanatur
481 319 607 359 tribus
638 319 742 358 datis
774 318 954 359 elleboris
986 314 1174 373 (I'fVcss'
1511 335 1513 337 ¹

282 390 412 429 'Item:
443 390 635 441 Anticyra
664 390 795 429 insula
820 392 890 439 est,
920 391 962 428 in
988 402 1066 440 qua
1091 389 1307 429 elleborum
1330 391 1517 438 nascitur,

178 462 254 500 quo
297 451 489 489 sanantur
529 449 698 489 inualidi
740 451 780 487 et
820 450 952 489 insani
994 443 1112 502 (cons.
1137 444 1309 502 Pomm.)
1375 449 1516 488 Tribus

177 520 269 560 ergo
305 506 590 560 pot<ionib>us
621 510 878 558 accipiamus,
917 509 989 548 aut
1018 508 1144 547 multo
1175 508 1344 547 elleboro
1377 503 1446 561 (Γ
1451 509 1477 555 f
1484 508 1523 547 V

295 573 405 619 301.
461 578 486 629 ἓ
500 579 666 618 Tonsori
700 578 838 619 Licino
877 573 962 632 (Vc
969 573 1026 632 ζ)]
1087 578 1247 618 Licinus
1283 580 1378 617 tunc
1414 579 1518 618 dice-

175 638 293 677 batur
328 640 464 678 tonsor
500 639 703 689 opinatus,
745 650 861 688 quem
890 640 1028 688 postea
1059 638 1196 677 dicunt
1226 638 1376 676 factum
1405 650 1515 676 sena-

174 699 300 736 torem
325 709 349 735 a
369 696 545 747 Caesare,
576 699 671 747 quia
701 697 906 736 dicebatur
934 698 1102 735 nimium
1126 696 1253 736 odisse
1271 696 1514 747 Pompeium

175 756 228 794 Et
248 758 317 795 est
348 769 500 796 sensus:
531 756 566 796 si
590 769 668 796 non
693 757 934 795 commiserit
958 755 1199 795 tondendum
1223 757 1343 806 caput
1366 755 1515 804 Licino,

174 827 292 927 {luem
326 817 406 855 tres
438 816 653 866 Anticyrae
690 828 828 854 curare
865 827 944 854 non
980 817 1162 865 possunt,
1200 815 1297 853 adeo
1333 816 1516 854 insanum

193 871 288 922 1⁷'f
302 875 400 922 νος

291 940 399 986 302.
455 944 481 995 ἓ
495 944 571 990 Qui
606 957 754 996 purgor
783 945 902 983 bilem
933 939 1058 998 (V§)]
1118 943 1225 983 Idest
1256 943 1324 994 qui
1353 946 1517 995 propter

171 1004 421 1056 purgandum
450 1004 571 1043 bilem
601 1004 696 1043 rado
727 1006 847 1054 caput
876 1016 1025 1052 meum,
1061 1004 1130 1053 qui
1160 1003 1422 1042 catharticum
1452 999 1523 1042 ac!

173 1063 277 1113 cipio
309 1063 359 1102 ad
389 1063 638 1115 purgandum
669 1075 731 1101 me
763 1058 828 1116 (cf.
854 1057 1026 1115 Porph.)
1088 1061 1234 1100 Aliter:
1267 1063 1338 1112 qui
1367 1075 1515 1114 purgor

172 1121 291 1160 bilem
321 1135 392 1172 pro
424 1122 569 1161 bilibus
600 1135 760 1173 purgor,
791 1122 894 1161 idest
925 1122 996 1172 qui
1026 1134 1120 1160 curo
1151 1132 1269 1160 sanus
1300 1133 1394 1169 esse,
1425 1120 1514 1160 cum

171 1180 292 1219 sciam
330 1194 353 1220 a
390 1181 617 1220 Democrito
660 1194 725 1220 eos
765 1192 878 1220 ueros
915 1182 1052 1231 poetas
1089 1180 1273 1229 iudicari,
1316 1181 1386 1230 qui
1422 1181 1515 1219 sunt

170 1239 311 1278 insani.
371 1239 516 1278 Aliter:
561 1236 733 1291 ‘purgor
761 1236 903 1278 bilem'
937 1240 1107 1278 coleram
1137 1239 1255 1278 reicio
1286 1238 1512 1290 potionibus

87 1304 99 1317 ⁹
171 1292 249 1350 (F'
269 1299 368 1345 ch

100 1377 146 1409 20

100 1682 145 1714 25

290 1363 399 1409 303.
432 1368 660 1419 §poemata
685 1382 821 1407 uerum
842 1363 947 1421 (V)]
988 1368 1096 1406 Idest
1120 1380 1232 1406 nemo
1259 1369 1360 1407 esset
1385 1369 1510 1419 magis

170 1428 214 1467 in
244 1428 428 1478 opinione
458 1423 589 1478 poeta,
619 1429 653 1467 si
685 1440 808 1467 essem
839 1428 1007 1466 demisso
1039 1427 1183 1476 capillo
1215 1421 1285 1479 (Γ
1299 1427 1381 1474 7οζ

290 1493 399 1538 304.
456 1497 563 1548 §Nil
599 1498 703 1537 tanti
740 1499 800 1537 cst
831 1493 934 1551 (V)]
996 1497 1102 1536 Idest
1138 1497 1283 1536 nullius
1321 1495 1511 1535 momenti

171 1570 275 1607 sum,
316 1559 503 1608 quoniam
540 1571 618 1596 non
649 1570 735 1596 sum
766 1556 932 1596 demisso
964 1557 1126 1606 capillo,
1164 1558 1203 1595 et
1234 1558 1313 1607 qui,
1332 1569 1403 1606 per
1432 1555 1510 1594 sinss

170 1617 283 1667 gulos
309 1629 430 1656 annos
458 1617 628 1655 coleram
652 1623 788 1668 purgo.
841 1615 1056 1655 Dicebatur
1080 1616 1184 1654 enim
1206 1615 1509 1654 melancholicus

170 1676 290 1714 fuisse
321 1675 521 1714 Horatius.
584 1676 729 1714 Aliter:
772 1688 911 1713 uerum
947 1675 1005 1712 nil
1041 1675 1146 1713 tanti
1183 1675 1258 1723 est,
1295 1673 1397 1712 idest
1432 1671 1510 1712 non

171 1747 282 1783 curo,
313 1734 380 1773 sed
411 1737 644 1785 contempno
676 1734 755 1773 dici
785 1736 922 1784 poeta:
966 1746 1010 1772 ac
1042 1735 1076 1772 si
1107 1727 1269 1772 diceret:
1312 1745 1390 1771 non
1421 1745 1508 1782 pos-

169 1805 255 1831 sum
303 1795 420 1843 poeta
471 1806 569 1842 esse,
618 1795 664 1832 ut
713 1795 989 1842 contempnam
1038 1804 1172 1831 curam
1215 1793 1387 1842 corporis
1431 1793 1509 1829 mei

169 1846 243 1904 (F'
265 1852 363 1899 Vc?

288 2003 305 2034 1
327 1998 434 2046 dicit]
455 1999 565 2035 om.V
657 2003 679 2035 4
697 1999 803 2045 item]
823 2009 889 2035 om.
903 1999 927 2041 f
1018 2002 1037 2033 6
1058 1999 1168 2043 potus
1182 1997 1317 2043 P'fV]
1337 2008 1399 2032 em.
1412 1997 1457 2032 K.

169 2049 190 2080 8
215 2046 494 2091 opinatissimus
519 2049 567 2088 οζ
662 2051 702 2081 11
731 2056 858 2082 curare
883 2056 956 2080 non
980 2057 1021 2090 p:
1049 2044 1141 2092 F'f]
1167 2055 1239 2079 non
1264 2045 1420 2089 possunt
1444 2055 1508 2078 cu-

168 2103 249 2127 rare
262 2096 307 2135 οζ
319 2105 393 2129 non
405 2095 562 2138 possunt
571 2094 605 2129 V
697 2097 739 2128 13
754 2093 852 2128 idest
863 2092 944 2138 qui]
957 2094 1078 2134 omoetg¹
1172 2095 1216 2126 14
1230 2090 1450 2126 catarticum
1459 2092 1509 2127 Vc

170 2140 415 2175 carthaticum
428 2152 448 2176 r
473 2140 716 2175 cataraticum
729 2143 749 2182 ζ
771 2140 1008 2175 citharticum
1023 2152 1044 2173 ν
1069 2138 1304 2173 carthiticum
1319 2151 1339 2182 γ
1362 2140 1506 2182 καθαρ-

168 2184 272 2221 τικόν
299 2187 430 2232 Porph.
578 2191 620 2222 15
645 2187 771 2234 aliter]
797 2187 857 2222 uel
882 2188 954 2228 νσζ
1086 2189 1128 2220 16
1153 2185 1307 2230 purgor]
1333 2195 1400 2219 om.
1417 2186 1462 2227 οξ

171 2236 214 2267 18
240 2233 362 2280 aliter]
389 2234 450 2269 uel
473 2236 519 2275 οξ
620 2237 664 2268 23
690 2234 755 2278 qui
783 2234 844 2280 Γ’]
871 2233 971 2278 quod
998 2234 1111 2267 Vom.
1131 2234 1176 2273 οζ
1275 2235 1319 2265 24
1343 2231 1506 2267 coleram

167 2280 250 2326 νοζ]
266 2280 386 2315 colera
401 2295 450 2325 yv
461 2282 495 2316 V
583 2281 871 2316 melancholicus
881 2280 930 2326 V]
944 2279 1128 2315 melanco:
1149 2282 1224 2314 cett.
1322 2282 1365 2313 25
1380 2278 1504 2325 aliter]

168 2326 229 2361 uel
253 2329 298 2368 οζ
391 2331 435 2362 26
462 2329 518 2362 set
542 2342 562 2373 γ
