1638 2528
652 86 854 123 EPIST.11
874 92 894 124 1
1183 130 1185 132 ,
1357 84 1444 128 285

99 203 244 253 repetit
281 203 320 240 et
355 202 555 250 numerat,
593 202 638 239 ut
674 202 757 239 sine
789 200 908 239 dubio
938 198 1281 251 reprehendendus
1312 199 1365 237 sit
1395 198 1445 236 ob

99 263 266 301 nimiam
296 262 579 310 loquacitatem
611 255 753 314 (Γ(νε)
779 271 824 299 ex
846 260 987 308 Porph.

221 316 299 360 80.
349 319 491 358 Sensus
523 332 569 358 ex
600 319 867 370 superioribus
897 319 1060 370 pendet.
1098 318 1132 357 si
1162 317 1358 366 dubitem,
1387 318 1447 354 in-

101 381 202 430 quit,
233 379 280 418 de
310 379 452 417 merito
477 379 609 428 Attae,
641 381 682 417 et
711 391 800 417 cum
824 378 1025 428 Aesopum
1055 379 1095 416 et
1118 377 1306 416 Roscium
1330 389 1447 415 coner

100 438 395 489 reprehendere,
426 439 656 487 exclament,
686 439 829 511 inquit,
859 439 992 487 patres
1024 431 1148 491 (Pers.
1164 437 1203 485 5,
1225 436 1320 475 103.
1343 429 1446 487 104)
1497 441 1518 472 5

102 495 294 537 ‘stentem
324 499 472 547 perisse
503 497 551 535 de
581 494 717 536 rebus'
723 527 732 546 ‚
764 498 859 547 quia
882 497 984 535 nihil
1007 499 1160 535 rectum
1183 496 1339 546 putant,
1369 495 1448 533 nisi

104 557 210 608 quod
241 558 372 608 placet
401 558 497 606 ipsis
531 551 645 609 (Fas
653 557 690 595 V

222 612 299 656 82.
337 613 600 668 *<A>esopus
632 618 672 654 et
701 615 865 655 Roscius
896 615 1165 665 antiquissimi
1195 614 1336 653 comici
1365 613 1449 651 fue-

102 678 197 715 runt
228 671 286 728 (Γ
293 690 311 714 ε

223 729 300 774 84.
349 734 458 773 Dicit
488 734 635 773 idcirco
666 747 775 773 senes
806 735 979 773 iuniores
1010 733 1228 783 despicere,
1258 732 1324 770 uel
1354 733 1449 782 quia
1476 737 1521 769 10

105 795 246 833 nolunt
287 796 327 833 et
362 796 477 844 turpe
508 793 668 832 uidetur
698 794 754 832 eis
784 792 1005 831 iunioribus
1037 792 1218 831 oboedire
1249 792 1314 830 uel
1344 792 1451 841 quia,

106 854 211 903 quod
253 855 296 891 in
332 854 505 891 infantia
541 853 782 902 didicerunt,
825 864 956 891 secum
993 864 1146 901 semper
1180 852 1349 890 retinere
1385 863 1451 888 ue-

107 914 183 951 lint
215 907 296 965 (Γε
312 913 347 951 V

229 967 306 1011 86.
338 968 517 1023 *[Numa
543 970 695 1010 Saliare
726 983 883 1010 carmen
915 966 1167 1022 composuit]
1216 969 1330 1015 Quod
1352 968 1455 1007 Salii

110 1031 335 1070 cantabant.
398 1030 500 1069 Salii
535 1030 783 1080 dicebantur,
826 1031 896 1079 qui
932 1030 1036 1068 circa
1067 1041 1156 1069 aras
1187 1028 1361 1067 canendo
1393 1040 1454 1067 sa·
1481 1034 1524 1066 15

110 1090 263 1128 liebant
294 1085 450 1143 (PafE

233 1145 310 1189 88.
341 1149 431 1188 Non
462 1150 631 1197 tantum,
655 1149 798 1198 inquit,
822 1147 962 1186 laudat
986 1149 1171 1198 antiquos
1197 1160 1286 1186 cum
1312 1159 1455 1195 amore,

114 1211 309 1258 quantum
339 1220 409 1247 nos
442 1210 482 1246 et
510 1209 648 1247 nostra
677 1208 881 1258 uituperat
911 1220 1000 1246 cum
1028 1206 1183 1245 inuidia
1213 1201 1361 1260 (PseV

228 1262 306 1307 91.
338 1267 446 1306 Idest
477 1267 571 1317 quid
603 1267 654 1305 ad
683 1269 820 1306 nostra
848 1269 1028 1317 tempora
1058 1264 1312 1316 perueniret?
1373 1264 1456 1303 Sci-

110 1328 204 1366 licet
234 1327 335 1365 nihil
365 1322 449 1379 (sV
1482 1331 1527 1362 20

229 1386 336 1424 Idest
373 1387 407 1424 si
443 1398 659 1435 numquam
696 1387 791 1424 noui
822 1386 1004 1433 fuissent,
1041 1397 1257 1434 numquam
1288 1383 1458 1422 fuissent

110 1447 275 1494 ueteres,
308 1447 401 1495 quia
431 1445 531 1483 nihil
561 1447 689 1494 uetus,
721 1445 825 1494 quod
856 1457 935 1483 non
960 1446 1014 1483 sit
1036 1445 1147 1494 prius
1171 1456 1320 1482 nouum
1340 1437 1463 1496 (FeV

231 1500 308 1544 92.
341 1505 487 1553 Vtique
519 1504 623 1554 apud
649 1505 846 1553 antiquos,
878 1516 978 1553 quae
1003 1506 1117 1542 erant
1140 1505 1287 1551 uetera,
1320 1514 1458 1551 quam-

113 1563 181 1601 diu
219 1576 323 1602 noua
355 1564 530 1612 fuerunt,
569 1565 603 1602 si
633 1563 721 1601 ideo
753 1563 1061 1612 displicuissent,
1099 1575 1177 1601 non
1208 1563 1459 1600 seruarentur

114 1625 273 1672 recepta
305 1624 346 1660 in
378 1623 654 1661 auctoritatem
686 1617 747 1674 (V
1484 1626 1529 1657 25

232 1681 426 1730 *Vtique,
464 1694 565 1730 quae
596 1693 699 1719 nunc
729 1683 881 1729 uetera,
919 1681 1080 1718 fuerunt
1110 1692 1224 1718 noua.
1286 1678 1394 1724 Quae
1426 1678 1460 1716 si

115 1740 202 1779 ideo
239 1740 531 1789 displicuissent
573 1742 684 1788 tunc,
729 1741 822 1788 quia
859 1752 962 1777 noua¹
999 1740 1173 1788 fuerant,
1217 1751 1296 1776 non
1328 1750 1459 1777 serua-

115 1802 251 1838 rentur
280 1801 437 1849 recepta
467 1800 508 1837 in
540 1799 816 1837 auctoritatem
848 1793 931 1851 (Γα
956 1799 1013 1836 bis
1031 1800 1056 1846 f

235 1916 255 1946 3
280 1913 344 1947 hoc
367 1912 473 1947 schol.
493 1912 549 1947 sil.
570 1922 636 1947 om
657 1911 781 1956 Pauly
806 1915 838 1946 et
862 1911 1033 1945 Hautnal
1175 1914 1197 1944 4
1223 1910 1269 1945 de
1288 1931 1334 1935 —
1354 1910 1454 1955 cum]

117 1969 184 1995 om
197 1960 230 1994 V
369 1963 388 1993 6
422 1958 475 1993 nil
499 1971 519 1994 r
663 1962 681 1993 7
714 1958 839 2003 placet
869 1958 961 2003 ipsis
987 1958 1038 2003 V]
1070 1957 1162 2003 ipsis
1188 1957 1313 2002 placet
1337 1961 1412 1992 cett.

120 2010 162 2041 10
195 2007 356 2042 iuniores
389 2006 578 2052 despicere
604 2006 641 2052 y]
674 2005 864 2050 despicere
895 2004 1056 2040 iuniores
1081 2017 1124 2040 νε
1156 2004 1309 2039 iuuenes
1336 2004 1459 2058 despi-

119 2064 201 2088 cere
228 2055 262 2089 V
357 2053 434 2100 uel]
460 2065 526 2089 om.
547 2065 566 2088 r
687 2057 728 2088 11
755 2053 906 2087 uidetur
930 2052 999 2098 eis]
1026 2052 1079 2087 eis
1103 2051 1256 2086 uidetur
1280 2051 1314 2086 V
1405 2051 1461 2086 iu·

119 2101 284 2136 nioribus
304 2101 478 2136 oboedire
493 2113 508 2136 ε
520 2101 568 2147 V]
589 2099 796 2135 iunioribus
810 2099 995 2144 obedirey
1015 2099 1165 2146 obedire
1178 2098 1384 2134 iunioribus
1397 2109 1417 2133 r

120 2148 182 2182 uel
207 2149 296 2192 quia
315 2170 358 2174 —-
378 2148 499 2183 uelint
523 2159 589 2183 om.
604 2160 623 2183 r
719 2147 808 2192 quia
833 2147 931 2191 quod
953 2147 1028 2192 eV]
1049 2146 1149 2190 quod
1168 2160 1189 2191 γ
1287 2149 1331 2181 14
1349 2157 1463 2181 numa

122 2215 165 2220 —
186 2195 393 2240 composuit
412 2210 448 2238 α,
468 2207 533 2231 om.
553 2199 630 2231 cett.
730 2199 772 2229 15
799 2193 966 2229 saliendo
986 2194 1190 2228 cantabant
1208 2207 1232 2228 α
1330 2197 1372 2228 19
1394 2194 1464 2228 sci-

124 2240 213 2276 licet
238 2243 304 2289 K]
331 2243 361 2277 si
387 2255 403 2277 ε
429 2255 457 2285 s,
478 2261 522 2272 =
543 2243 607 2277 sed
634 2243 667 2277 V
769 2246 811 2276 21
839 2241 937 2276 idest
962 2241 1032 2287 Γε]
1058 2241 1170 2276 om.V
1259 2240 1348 2276 noui
1373 2240 1465 2275 fuis-

124 2290 207 2322 sent
230 2290 332 2335 rsV]
358 2289 516 2325 fuissent
539 2290 627 2325 noui
654 2304 674 2335 y
770 2290 930 2323 fuissent
947 2288 1107 2334 ueteres]
1127 2289 1251 2323 essent
1268 2290 1348 2323 uet:
1374 2299 1417 2323 re

125 2339 169 2369 22
196 2337 284 2380 quia
303 2358 348 2362 —
368 2338 521 2383 nouum]
547 2349 612 2373 om.
626 2338 658 2372 V
