1632 2512
159 95 216 140 28
595 97 756 134 SOHOL.
772 97 820 133 Γ’
829 99 865 134 V
875 97 929 133 IN
951 97 1064 134 HOR.

278 204 357 248 83.
406 207 557 258 §Adde
592 209 670 248 huc
701 204 834 263 (νοζ)]
886 209 1000 249 Adde
1038 209 1088 248 ad
1121 210 1326 249 commoda
1355 223 1502 262 eorum,

161 269 230 317 qui
265 268 436 317 simplici
473 269 650 307 contenti
685 270 778 307 sunt
813 269 961 307 femina
993 264 1156 320 (quod)
1185 270 1226 308 et
1254 270 1365 308 nullo
1394 270 1502 309 leno·

159 327 263 365 cinio
293 327 513 365 formentur
544 322 612 380 (Γ
621 327 703 374 7οζ
724 339 824 366 cons.
849 327 989 376 Porph.

277 395 303 446 ξ
317 397 410 436 Sine
456 398 558 436 fucis
608 393 741 451 (νσζ)]
801 398 929 437 Fucus
977 411 1098 450 genus
1140 398 1283 437 herbae
1325 400 1502 438 marinae

111 463 133 494 ὅ
159 457 236 505 est,
282 456 386 494 unde
433 457 528 495 lana
574 457 758 496 inficitur.
837 457 891 495 Et
938 457 979 495 in
1029 458 1266 496 carminibus
1308 457 1501 497 Horatius

159 509 240 567 (m
260 515 298 564 5,
325 516 391 553 27.
419 510 512 568 28):

722 599 859 647 Neque
890 600 1054 637 amissos
1085 599 1233 637 colores

368 656 481 694 Lana
510 657 632 695 refert
661 657 858 718 medicata
887 657 989 706 fuco,

157 752 198 788 et
227 750 420 802 Virgilius
453 745 597 804 (yeory.
619 751 660 789 Π
685 746 809 805 465):

87 838 132 870 10
367 832 473 871 Alba
502 845 573 872 nec
602 833 768 883 Assyrio
799 834 956 872 fucatur
985 834 1079 872 lana
1108 847 1269 873 ueneno.

155 927 252 966 Inde
295 929 416 965 etiam
457 929 665 977 corruptae
706 939 853 966 merces
895 928 1052 966 fucatae
1087 930 1304 978 uocantur,
1347 930 1387 967 et
1427 942 1501 979 pro

156 986 257 1025 dolis
288 988 328 1024 et
357 986 561 1024 fraudibus
593 986 799 1024 Terentius
829 986 871 1024 in
901 987 1079 1025 eunucho
1111 981 1202 1039 (ΠΙ,
1229 989 1267 1036 5,
1292 983 1387 1041 41):

367 1069 517 1106 Fucum
545 1068 698 1107 factum
727 1069 884 1107 mulieri
916 1063 1103 1122 (P'bVeg

275 1157 351 1202 84,
407 1161 614 1212 §Honesti
656 1165 716 1202 est
753 1157 795 1216 (ν
805 1158 882 1216 V)]
942 1162 1051 1201 Idest
1085 1164 1257 1214 pulchri,
1299 1167 1347 1202 ut
1381 1166 1501 1215 poeta

85 1227 129 1259 15
157 1216 293 1274 (Very.
314 1233 441 1270 yeory.
465 1221 507 1259 H
532 1217 654 1275 392):

332 1303 386 1342 Et
417 1316 661 1353 quocumque
693 1304 787 1342 deus
818 1305 964 1343 circum
995 1307 1115 1354 caput
1144 1306 1227 1356 egit
1255 1289 1463 1344 honestum

155 1391 213 1450 (Γ
219 1394 231 1409 ‘
252 1397 350 1444 Ῡοζ

274 1463 350 1507 86.
385 1467 410 1517 ξ
424 1468 596 1519 Regibus
614 1469 651 1507 h.
671 1483 723 1507 m.
743 1464 822 1522 (v)]
873 1469 1010 1520 Reges,
1037 1470 1192 1518 quando
1212 1473 1348 1509 emunt
1366 1483 1499 1520 equos,

154 1528 338 1577 operiunt
380 1540 463 1576 eos,
505 1541 553 1566 ne
595 1528 748 1566 inducti
782 1528 1074 1578 pulchritudine
1112 1531 1182 1567 aut
1217 1529 1391 1567 clunium
1428 1533 1499 1568 aut

82 1591 129 1623 20
154 1585 270 1624 faciei
301 1587 434 1624 emant
465 1599 609 1635 equum
638 1586 803 1636 pedibus
833 1587 1089 1625 mollioribus.
1144 1587 1229 1626 Hoc
1260 1601 1353 1639 ergo
1378 1587 1496 1627 dixit:

152 1657 471 1694 unumquemque
520 1645 659 1683 debere
707 1645 749 1683 id
795 1645 923 1684 facere
972 1647 1076 1684 circa
1124 1647 1497 1696 contemplationem

151 1704 346 1752 mulieris,
382 1706 428 1741 ut
463 1705 590 1754 magis
626 1705 846 1742 utilitatem
883 1717 1002 1754 quam
1032 1705 1201 1754 speciem
1231 1706 1380 1744 formae
1412 1706 1496 1745 eius

153 1763 226 1800 aut
254 1762 451 1800 natalium
482 1764 652 1801 sectetur
683 1758 751 1815 (Γ
758 1764 812 1811 bf
822 1764 875 1802 Vc
882 1764 903 1810 ζ
926 1776 971 1802 ex
994 1764 1134 1812 Porph.

271 1828 349 1872 90.
392 1827 471 1872 91.
527 1831 626 1882 §Ne
668 1835 841 1883 corporis
885 1835 1036 1883 optima
1077 1834 1121 1871 L.
1147 1847 1177 1872 c.
1204 1847 1237 1872 o.
1270 1829 1387 1886 (cons.
1408 1830 1495 1888 σζ)]

81 1895 126 1927 25
151 1890 330 1940 Lynceus
381 1891 541 1940 quidam
583 1893 738 1930 tantam
780 1893 863 1930 uim
906 1893 1084 1930 acumine
1128 1892 1273 1931 dicitur
1312 1893 1495 1932 habuisse

152 1949 372 2010 oculorum,
415 1952 460 1987 ut
502 1952 611 1988 trans
647 1952 840 1999 parietem
875 1951 1028 1989 uideret
1064 1953 1119 1999 et,
1163 1951 1256 1989 dum
1292 1953 1416 1990 staret
1451 1953 1494 1990 in

272 2099 289 2128 1
317 2095 413 2130 adde
439 2096 476 2142 γ]
502 2107 568 2131 om.
589 2100 664 2132 cett.
799 2101 819 2131 2
845 2097 945 2141 quod
969 2107 1014 2132 ea:
1037 2097 1171 2142 Pmph.
1192 2099 1371 2142 prompsit
1395 2099 1443 2132 K.

151 2142 204 2188 et]
224 2152 293 2176 nec
305 2153 324 2177 c
347 2153 421 2177 non
435 2146 455 2184 ζ
548 2147 569 2177 3
588 2143 794 2179 formentur
806 2143 916 2189 yvV]
936 2143 1143 2178 formantur
1156 2155 1175 2179 c
1181 2146 1200 2186 ζ
1216 2144 1414 2179 foedantur
1426 2157 1446 2180 r

150 2192 172 2223 4
198 2190 255 2223 est
278 2188 392 2224 herbe
416 2189 559 2225 marine
580 2191 629 2226 Vc
652 2202 746 2226 cons.
767 2193 787 2232 ζ
879 2193 901 2225 8
925 2190 1041 2225 refert
1064 2191 1178 2236 erg]
1203 2191 1342 2226 referat
1367 2193 1445 2236 yvb

152 2239 196 2270 14
215 2235 379 2280 pulcriV
471 2240 514 2271 16
539 2238 597 2283 ut]
616 2237 716 2272 unde
740 2249 760 2272 r
857 2240 899 2271 19
919 2237 1170 2282 pulcritudine
1190 2239 1209 2273 b
1221 2239 1256 2274 V
1347 2243 1390 2273 22
1410 2239 1490 2274 eius

152 2281 197 2317 Γ’
219 2282 370 2328 Pon-ph]
397 2282 498 2317 illius
522 2284 547 2326 f
559 2295 625 2319 om.
647 2285 746 2325 chg
874 2288 918 2318 25
946 2283 1110 2329 (lynceus
1137 2287 1171 2329 ν)
1304 2286 1489 2332 acumine]

149 2340 215 2365 om.
237 2329 283 2364 bc
307 2329 346 2363 in
372 2330 564 2365 cacumine
589 2334 609 2372 ζ
703 2334 746 2365 26
773 2330 978 2377 oculorum]
1004 2342 1070 2366 om.
1090 2332 1114 2374 f
