1638 2528
414 707 956 763 EPISTVLARVM
985 707 1214 762 LIBER
1244 708 1317 762 H.

758 839 920 878 EPIST.
949 842 970 878 1

318 928 359 973 1.
395 933 576 985 Augusto
607 933 771 984 petenti,
800 936 846 972 ut
877 933 1030 984 aliquid
1060 933 1137 972 sibi
1167 935 1296 984 operis
1325 933 1536 982 dedicaret,

195 992 333 1031 scribit
352 992 541 1032 Horatius
572 993 660 1032 ideo
685 1004 726 1031 se
750 993 826 1031 huc
850 1005 974 1043 usque
997 1005 1078 1031 non
1095 993 1245 1041 fecisse,
1275 1006 1324 1032 ne
1342 993 1539 1032 iacturam

149 1060 169 1091 5
194 1052 251 1089 rei
281 1051 463 1102 publicae
488 1052 646 1100 faceret,
677 1052 711 1090 si
735 1051 912 1091 uersibus
938 1053 1018 1091 suis
1040 1051 1246 1090 Caesarem
1271 1065 1295 1090 a
1318 1064 1361 1090 re
1379 1051 1539 1102 publica

196 1113 408 1150 seuocaret.
469 1110 619 1149 Deinde
655 1111 851 1160 paulatim
881 1111 931 1149 ad
960 1111 1034 1149 hoc
1064 1110 1282 1159 descendit,
1322 1113 1370 1149 ut
1399 1110 1447 1149 de
1478 1111 1537 1149 iu-

195 1169 297 1208 dicio
339 1170 527 1219 temporis
568 1172 770 1219 queratur,
815 1183 891 1219 quo
930 1171 1113 1220 antiquos
1151 1171 1289 1219 poetas
1326 1169 1536 1209 laudamus

194 1229 334 1267 merito
365 1228 593 1276 uetustatis,
629 1241 752 1267 nouos
784 1228 1086 1277 contemnimus,
1120 1230 1240 1267 etiam
1270 1228 1305 1268 si
1335 1227 1535 1268 ueteribus

194 1288 347 1336 possint
377 1299 458 1326 esse
490 1287 669 1325 meliores
701 1282 845 1340 (Fabf
853 1288 889 1326 V

126 1354 170 1386 10
311 1345 409 1384 Mire
454 1342 619 1395 ‘solus'3
670 1348 832 1395 apparet
877 1348 982 1384 enim
1023 1346 1176 1384 deuicto
1220 1346 1301 1384 iam
1342 1345 1534 1395 Antonio,

196 1407 350 1443 mortuo
381 1404 541 1454 Lepido,
574 1405 641 1454 qui
671 1404 870 1442 triumuiri
900 1417 990 1442 cum
1020 1404 1202 1455 Augusto
1233 1405 1401 1454 fuerant,
1431 1404 1533 1443 hanc

195 1463 404 1514 epistolam
435 1464 485 1502 ad
516 1463 719 1502 Caesarem
752 1463 940 1513 scriptam
971 1459 1116 1516 (Fabf
1127 1464 1162 1500 V

315 1517 358 1562 2.
391 1522 592 1561 *Moribus
623 1523 715 1570 suis,
747 1524 817 1560 aut
843 1535 938 1571 quos
964 1522 1115 1560 ciuibus
1140 1534 1211 1572 pro
1237 1522 1325 1573 lege
1344 1521 1539 1572 inposuit,

197 1581 263 1619 sed
294 1582 435 1620 melius
467 1582 546 1620 suis
579 1578 723 1634 (Pabf

130 1648 173 1679 15
319 1635 362 1680 ὅ.
395 1640 558 1679 Sensus:
583 1640 687 1678 tanti
711 1640 801 1688 uiri,
827 1640 929 1678 idest
954 1652 1050 1690 quos
1076 1639 1316 1678 consecratio
1341 1640 1537 1688 manebat,

200 1698 393 1737 inuidiam
422 1699 527 1737 inter
558 1711 648 1737 suos
679 1699 786 1748 passi
816 1701 921 1747 sunt,
953 1700 1101 1748 quanto
1132 1700 1178 1737 tu
1208 1699 1412 1748 maiorem,
1449 1711 1539 1737 cum

199 1758 396 1807 praesenti
427 1758 500 1796 tibi
532 1758 723 1809 largimur
752 1759 917 1797 honores
950 1752 1075 1810 (Focb
1092 1757 1128 1796 V

318 1816 498 1855 Laudata
535 1817 683 1855 uirtute
716 1815 891 1855 Caesaris
929 1816 1026 1855 dicit
1055 1817 1092 1854 ei
1123 1817 1198 1855 soli
1229 1815 1455 1867 contigisse,
1493 1817 1541 1853 ut

201 1874 392 1914 inuidiam
421 1877 539 1914 uiuus
571 1876 753 1914 uinceret.
816 1875 869 1914 Et
900 1877 959 1913 est
990 1874 1102 1913 ordo:
1133 1875 1322 1913 Romulus
1355 1876 1395 1912 et
1424 1873 1542 1912 Liber

130 1942 175 1973 :30
202 1934 338 1983 Pater,
380 1934 473 1972 dum
515 1936 640 1972 terras
683 1935 961 1983 hominumque
1005 1946 1126 1984 genus
1165 1934 1298 1971 colunt
1335 1935 1374 1971 et
1411 1934 1542 1971 cetera

318 2096 340 2126 4
366 2093 509 2139 scribit]
535 2092 685 2138 scripsit
710 2093 745 2127 V
844 2092 944 2138 ideo]
971 2092 1010 2127 id
1035 2092 1119 2126 ideo
1146 2092 1269 2137 Pauly
1388 2094 1408 2126 6
1435 2102 1540 2126 seuo-

202 2140 304 2173 caret
327 2152 379 2175 roc
389 2141 438 2185 V]
464 2141 655 2175 reuocaret
679 2140 758 2184 ybs
848 2139 982 2174 deinde
1006 2139 1096 2184 paul
1105 2138 1129 2184 ε]
1155 2138 1343 2173 Paulatim
1369 2139 1494 2173 autem
1518 2139 1539 2174 b

203 2185 389 2221 Paulatim
418 2188 451 2222 V
572 2191 593 2222 8
620 2187 888 2222 contemnimus
912 2198 932 2221 r
945 2197 1004 2230 pr.
1026 2186 1062 2232 y]
1089 2185 1384 2230 contempnimus
1409 2197 1429 2220 r
1447 2196 1539 2220 corr.

204 2233 286 2275 oebf
296 2234 330 2266 V
422 2238 463 2268 15
490 2233 587 2268 idest
612 2244 703 2278 quos
730 2234 796 2279 K]
821 2233 967 2277 iniquos
995 2233 1087 2267 Vin
1111 2243 1202 2276 quos
1227 2236 1303 2267 cett.
1403 2235 1444 2266 16
1464 2243 1543 2267 ma-

205 2279 320 2314 iorem
334 2280 399 2325 K]
420 2280 576 2315 maiores
594 2281 694 2316 codd.
712 2280 880 2315 Hauthal
976 2282 1018 2314 19
1037 2279 1146 2314 uiuus
1161 2299 1205 2305 —
1219 2278 1377 2325 faciunt]
1398 2290 1463 2314 om.
1476 2291 1495 2314 r

204 2326 387 2372 uinceret]
413 2327 600 2362 euinceret
625 2340 641 2362 ε
738 2328 775 2362 et
800 2328 857 2361 est
881 2326 986 2372 ordo]
1013 2337 1077 2362 om.
1099 2338 1115 2361 ε
