1620 2524
686 77 961 114 PRAEFATIO
1433 77 1503 113 VH

143 194 395 234 coaceruauit
419 193 614 244 longeque
640 190 926 241 amplissimam
948 190 1119 229 confecit
1137 190 1379 229 scholiorum
1405 202 1497 229 con—

141 253 300 304 geriem.
344 251 430 298 Quo
449 252 601 290 factum
620 252 691 300 est,
709 252 756 289 ut
775 250 881 301 apud
899 249 1005 289 hunc
1023 250 1275 299 potissimum
1295 251 1499 288 auctorem

140 311 350 361 permulfis
380 311 478 350 locis
509 309 791 360 explicationes
822 309 1014 358 inuenias,
1046 321 1147 359 quae
1180 308 1362 358 quamuis
1393 309 1500 347 inter

140 382 183 410 se
219 371 416 421 pugnent,
451 371 587 408 tamen
618 369 744 408 altera
775 368 943 407 alteram
979 370 1187 417 tamquam
1224 367 1377 417 optima
1408 380 1498 406 cum

142 441 241 479 pace
272 429 485 478 excipiunt.

259 487 355 526 Fuit
381 486 629 526 Christianus
662 481 728 539 (cf.
755 499 785 525 c.
811 486 832 524 I
866 486 933 535 16,
961 487 1026 524 13.
1056 486 1109 524 14
1136 485 1184 524 de
1209 480 1397 538 Adamo),
1429 484 1499 524 sed

139 546 416 597 superstitioni
436 546 648 585 admodum
668 545 848 585 addictus
869 539 918 598 (s.
937 545 958 582 I
979 546 1018 594 3,
1038 545 1093 584 59
1115 544 1163 583 de
1182 544 1296 583 nodis
1314 545 1498 596 magicis3

139 618 169 644 s.
195 605 236 643 Π
269 607 307 654 8,
334 606 418 644 209
452 605 499 644 de
524 599 801 658 βιοθανᾶτοις)
831 606 870 643 et
896 604 997 642 uixit
1020 605 1112 654 post
1135 603 1335 642 Isidorum
1361 598 1499 656 (quem

140 676 172 702 c.
198 663 259 702 111
293 666 360 714 29,
387 666 413 702 4
444 664 601 713 laudat,
632 664 666 702 is
699 665 834 702 autem
864 663 968 701 uixit
998 675 1032 701 a.
1060 657 1315 714 570—636)
1342 664 1383 701 et
1407 664 1498 712 post

140 735 206 762 eos
251 724 319 773 qui
355 725 602 762 recensiones
638 719 690 761 A'
727 725 768 761 et
804 721 829 772 ξ
873 723 1135 761 confecerunt.
1205 720 1497 760 Grammaticae

138 782 306 821 Latinae
343 782 686 821 studiosissimus*
717 781 823 820 idem
855 780 1002 820 Graece
1033 781 1182 831 optime
1213 780 1380 829 sciebat,
1415 781 1497 831 ple-

136 841 245 880 beios
289 841 601 891 despiciebat**3
644 854 740 879 num
781 840 931 879 Romae
973 841 1136 889 uixerit,
1182 840 1381 878 incertum
1425 842 1496 888 est,

138 899 345 938 Samnium
375 913 455 938 non
486 902 656 938 nouerat
681 894 748 952 (cf.
775 912 803 938 s.
829 899 850 936 I
876 899 914 947 5,
942 893 1036 952 51);
1067 900 1349 938 commemorat
1374 899 1497 937 etiam

137 955 360 998 ‘ciuitatem
391 959 614 1010 Augustam
644 958 895 997 Vindelicam
932 957 1037 1008 apud
1068 954 1229 996 Raetos'
1264 952 1497 1010 (Augsburg

137 1030 168 1056 c.
189 1018 272 1055 IIII
298 1020 337 1067 4,
359 1013 446 1070 17),
471 1018 574 1056 unde
599 1017 706 1056 haud
731 1018 811 1056 scio
837 1029 889 1055 an
914 1018 1002 1066 quis
1025 1016 1238 1055 concludat
1256 1016 1496 1055 scholiorum

137 1078 175 1114 Γ
201 1078 402 1115 auctorem
433 1076 540 1116 haud
570 1076 708 1126 procul
737 1075 785 1114 ab
811 1075 979 1126 Alpibus
1004 1077 1046 1114 in
1071 1076 1374 1126 septentrionali
1399 1087 1494 1125 qua-

135 1135 229 1174 dam
271 1137 432 1186 regione
475 1148 573 1185 opus
617 1148 732 1174 suum
773 1135 1075 1174 consarcinasse.
1144 1133 1244 1172 Cum
1280 1134 1493 1185 Fulgentio

134 1194 234 1232 Afro
267 1188 321 1246 (a.
349 1189 602 1247 468—523)
634 1215 692 1221 —-
725 1207 841 1243 quem
872 1206 944 1245 ego
976 1193 1185 1243 paululum
1214 1193 1375 1243 quidem
1401 1195 1492 1233 ante

135 1253 206 1291 hos
233 1253 499 1304 quadraginta
524 1265 647 1292 annos
674 1247 828 1305 (philol.
856 1253 980 1291 Bonn.
1007 1252 1173 1302 symbol.
1199 1265 1237 1302 p.
1265 1253 1362 1291 501.
1388 1247 1491 1306 502)

134 1311 374 1350 scholiorum
399 1313 438 1350 Γ
458 1313 659 1351 auctorem
684 1313 805 1350 fuisse
831 1325 878 1350 ea
903 1311 950 1350 de
976 1323 1095 1350 causa
1119 1311 1361 1361 suspicabar,
1388 1312 1494 1361 quod

134 1370 176 1408 in
207 1371 474 1421 compluribus
506 1371 705 1410 codicibus
737 1366 780 1423 (y
811 1366 936 1424 Flor.)
968 1370 1119 1409 scholia
1142 1370 1368 1409 Horatiana
1398 1370 1492 1408 Ful-

134 1430 260 1480 gentii
302 1430 601 1481 mitologiarum
643 1430 746 1468 libro
788 1431 917 1480 primo
962 1430 1213 1479 excipiuntur
1261 1442 1310 1468 ne
1355 1429 1491 1468 addito

135 1488 294 1537 quidem
331 1490 455 1538 ipsius
491 1489 695 1540 Fulgentii
731 1490 889 1528 nomine
928 1510 983 1514 —
1021 1501 1181 1538 prorsus
1224 1488 1326 1527 nihil
1362 1489 1491 1527 facere

132 1548 262 1597 primo
306 1547 448 1586 obtutu
493 1550 675 1597 apparet,
719 1549 753 1586 si
795 1560 941 1586 nouam
984 1547 1197 1586 editionem
1237 1547 1491 1586 Helmianam

133 1600 187 1657 (a.
218 1602 350 1659 1898)
385 1619 474 1645 cum
505 1607 744 1645 scholiorum
776 1608 815 1644 Γ
839 1606 996 1645 dicendi
1026 1619 1167 1657 genere
1199 1618 1490 1656 comparamus:

131 1665 166 1703 is
198 1666 303 1702 enim
334 1665 460 1703 multo
493 1665 686 1704 deteriore
717 1666 846 1704 utitur
876 1665 1060 1704 dictione.

253 1721 435 1761 Ceterum
466 1725 733 1762 recensionem
758 1725 796 1761 Γ
816 1718 891 1775 (=
918 1726 956 1761 Γ
957 1719 1055 1777 mg.)
1087 1736 1167 1762 non
1191 1724 1251 1761 ita
1275 1724 1489 1762 terminare

131 1783 263 1831 potui,
300 1785 346 1820 ut
382 1795 460 1820 non
498 1783 648 1833 glossas
688 1782 879 1831 quasdam
914 1783 1187 1820 interlineares
1219 1782 1488 1821 admitterem:

131 1853 225 1878 nam
256 1853 304 1878 ne
336 1841 488 1879 codices
521 1841 680 1890 quidem
711 1842 788 1890 ipsi
820 1841 894 1879 hac
921 1842 963 1879 in
988 1853 1029 1878 re
1055 1842 1162 1879 inter
1187 1853 1227 1879 se
1253 1843 1488 1892 congruunt,

131 1899 198 1938 sed
236 1899 320 1937 fieri
356 1902 504 1949 potest,
542 1902 588 1938 ut
625 1899 729 1949 quod
766 1901 807 1938 in
846 1900 867 1937 b
899 1900 963 1938 uel
994 1912 1015 1937 r
1045 1901 1088 1938 in
1118 1901 1298 1951 margine
1328 1900 1487 1951 legitur,

128 1958 235 1996 idem
265 1959 307 1996 in
337 1973 361 2010 γ
393 1959 457 1997 uel
488 1973 513 1996 α
543 1959 647 1997 inter
677 1971 814 1997 uersus
846 1960 1038 2009 scriptum
1070 1959 1123 1998 sit
1155 1961 1195 1997 et
1225 1958 1390 2009 similia,
1422 1959 1487 1997 uel

129 2018 175 2054 ut
211 2017 402 2067 longioris
440 2017 709 2056 adnotationis
747 2029 838 2067 pars
875 2018 1002 2055 altera
1033 2018 1138 2055 inter
1168 2029 1322 2067 uersus,
1361 2018 1487 2056 altera

129 2076 173 2113 in
201 2077 379 2125 margine
404 2076 570 2126 legatur.
619 2076 761 2125 Itaque
787 2076 945 2126 nequid,
977 2076 1083 2126 quod
1107 2077 1269 2115 maioris
1295 2076 1487 2114 momenti

246 2221 262 2239 *
289 2222 334 2257 cf.
368 2233 394 2256 s.
427 2222 442 2256 1
474 2225 514 2266 3,
540 2226 584 2257 89
617 2222 807 2268 (iugulas).
841 2227 879 2266 5,
915 2226 968 2258 14.
1002 2227 1056 2258 78.
1088 2227 1127 2267 6,
1160 2227 1238 2258 122.
1268 2226 1346 2258 123.
1375 2226 1435 2266 10,
1464 2226 1485 2258 ‘1

127 2269 301 2314 (rictum).
327 2268 362 2303 11
387 2273 420 2313 2,
447 2272 491 2303 43
517 2269 728 2315 (rapulam).
757 2273 788 2313 3,
817 2273 895 2304 163.
924 2273 1003 2304 280.
1030 2275 1065 2313 4,
1091 2273 1146 2305 68.
1174 2273 1207 2314 8,
1234 2273 1276 2304 91
1306 2272 1374 2306 etc.

229 2315 265 2333 ³*
292 2315 420 2350 ‘Velut
444 2315 614 2360 plebeius
640 2327 770 2361 expers
795 2316 967 2351 rationis‘
995 2318 1063 2362 epi.
1089 2317 1105 2351 Ι
1132 2320 1163 2360 ’1,
1192 2320 1235 2351 72
