1620 2524
713 70 987 113 PRAEFATIO
1442 79 1529 114 XIII

168 192 358 239 nummis,
396 192 491 240 quia
528 191 681 228 nummi
715 191 758 228 in
795 203 900 228 noua
938 191 1075 229 fusura
1111 191 1254 230 iuuant
1287 187 1528 241 inopiam.'

169 247 278 289 Haec
309 250 546 289 stultissima
575 250 774 288 sententia
804 262 884 288 non
915 250 1066 300 legitur
1095 251 1138 287 in
1170 250 1386 298 codicibus3
1419 250 1530 288 deest

167 311 276 348 enim
307 322 386 347 uox
417 305 639 358 ‘inopiam',
671 321 772 358 quae
804 309 839 347 si
869 307 1035 357 deletur,
1066 309 1216 358 optime
1246 308 1529 360 intellegimus,

171 369 267 418 quid
291 369 465 406 uoluerit
495 369 651 414 auctor,
686 367 935 417 efficiturque
967 368 1164 406 sententia
1193 369 1419 417 uerissima,
1450 380 1530 418 qua

170 429 284 466 nouis
321 427 493 465 nummis
531 427 660 477 magis
698 439 768 465 nos
799 428 934 465 iuuari
963 427 1028 465 uel
1059 427 1249 466 delectari
1280 426 1379 465 dicit
1410 440 1530 476 quam

168 487 359 525 diuturno
391 498 463 524 usu
495 485 756 524 deterioratis.
806 485 989 535 Inopiam
1019 498 1114 524 uero
1138 485 1245 525 haud
1270 487 1401 524 minus
1427 487 1529 524 anti-

172 545 375 595 quioribus
394 546 566 583 nummis
585 545 713 583 leuari
731 558 851 595 quam
870 558 974 583 noue
993 545 1092 584 fusis
1112 546 1201 594 quis
1221 546 1281 583 est
1300 546 1370 594 qui
1384 544 1530 596 neget?

289 604 372 642 Nec
408 605 536 642 rarius
573 604 835 642 inueniuntur
864 605 896 642 ii
925 604 1020 652 loci,
1057 603 1128 642 ubi
1157 606 1322 654 propter
1353 604 1531 653 aliquam

171 663 363 701 librorum
401 663 668 713 corruptelam
705 664 778 701 aut
813 664 944 701 totum
975 663 1151 702 scholion
1183 664 1254 702 aut
1285 663 1427 701 scholii
1458 663 1531 701 ali-

175 723 287 761 cuius
318 734 411 772 pars
443 723 603 760 silentio
634 721 888 771 praeteritur.

289 781 399 820 Haec
428 782 561 819 omnia
586 781 621 819 si
644 781 936 830 perpendimus,
969 782 1151 830 quamuis
1177 777 1392 832 ‘integram
1417 793 1531 820 suam

171 837 303 878 fidem’
338 839 534 889 Cruquius
565 841 650 889 ipse
686 841 813 878 iactat
850 835 914 892 (ut
950 853 988 889 p.
1022 835 1145 893 639),
1183 841 1317 878 tamen
1353 840 1449 879 adeo
1487 841 1531 878 in

172 899 255 937 eius
293 899 414 937 uerba
451 900 602 947 iurare,
645 900 691 937 ut
729 911 998 948 quaecumque
1035 898 1142 948 apud
1179 900 1531 938 commentatorem

171 959 372 1008 leguntur,
397 958 438 995 in
464 959 640 1007 antiquis
666 957 825 997 scholiis
845 971 985 996 reuera
1004 959 1154 1008 scripta
1172 959 1294 997 fuisse
1314 958 1531 1006 credamus,

175 1017 282 1055 haud
314 1017 431 1056 facile
463 1017 705 1055 audebimus.

292 1075 348 1114 Vt
371 1088 507 1124 unum,
534 1075 639 1125 quod
665 1076 925 1125 antiquitates
944 1075 1143 1115 Romanas
1171 1077 1329 1125 attinet,
1355 1075 1532 1115 adferam

173 1134 413 1184 exemplum:
440 1134 624 1184 equidem
641 1136 684 1172 in
703 1135 1119 1183 commentatiuncula,
1145 1148 1265 1184 quam
1285 1135 1332 1173 de
1352 1135 1532 1185 sepulcro

174 1193 335 1232 Romuli
366 1195 407 1232 et
437 1193 590 1232 duobus
621 1194 800 1232 leonibus
832 1195 972 1244 scripsi
999 1188 1262 1246 (Iahreshefte
1293 1194 1360 1233 des
1394 1195 1532 1232 osterr.

174 1253 399 1303 archaolog.
431 1252 618 1291 Instituts
659 1254 770 1291 1901
804 1266 842 1302 p.
871 1248 946 1306 50)
981 1255 1087 1291 uiros
1120 1253 1368 1292 doctissimos
1400 1252 1531 1292 Mode-

174 1313 348 1350 stovium
380 1314 420 1349 et
447 1310 767 1350 Gammurinium
797 1313 944 1360 monui,
975 1325 1024 1351 ne
1056 1312 1103 1350 de
1135 1324 1251 1351 sensu
1282 1312 1394 1350 uerbi
1426 1308 1532 1351 ‘con-

174 1367 284 1418 stat’,
323 1370 427 1419 quod
462 1370 621 1420 quidem
653 1371 759 1421 apud
790 1373 1142 1410 commentatorem
1172 1383 1255 1421 epo.
1286 1372 1352 1420 16,
1382 1372 1447 1409 13.
1478 1372 1531 1409 14

174 1431 444 1479 reppererunt,
476 1429 754 1479 disceptarent,
786 1431 933 1480 quippe
965 1430 1071 1480 quod
1101 1430 1202 1468 illud
1228 1430 1466 1468 uocabulum
1490 1431 1532 1467 in

177 1488 282 1526 ueris
315 1488 434 1526 schol.
461 1490 500 1526 Γ
525 1501 604 1527 non
635 1490 890 1527 inueniretur.

295 1547 431 1596 Aeque
468 1560 546 1586 uno
584 1547 744 1597 quidem
775 1548 954 1597 exemplo
985 1549 1157 1586 monitos
1188 1547 1311 1586 uelim
1343 1560 1426 1596 eos,
1465 1548 1533 1596 qui

175 1605 224 1643 de
261 1606 407 1644 litteris
438 1606 592 1645 Latinis
630 1606 817 1645 scribunt.
848 1598 857 1604 “
880 1606 982 1645 Sunt
1019 1608 1124 1645 enim
1162 1608 1233 1656 qui
1264 1606 1397 1645 dicant
1429 1619 1534 1645 com-

177 1666 390 1702 mentatori
435 1664 663 1714 Gruquiano
713 1666 931 1715 pleniorem
975 1662 1200 1704 ‘Acronem’
1253 1678 1374 1714 quam
1419 1664 1533 1704 nobis

177 1725 269 1760 ante
301 1723 434 1761 oculos
466 1724 599 1771 fuisse,
630 1724 793 1774 eiusque
824 1726 883 1762 rei
913 1724 1184 1763 testimonium
1215 1724 1399 1762 adferant
1430 1736 1532 1762 com-

177 1784 295 1819 ment.
323 1782 373 1819 ad
398 1794 509 1820 serm.
530 1782 550 1819 I
571 1783 608 1830 8,
631 1783 703 1821 25:
731 1779 855 1821 ‘Haec
881 1783 1039 1834 Sagana
1070 1783 1215 1821 liberta
1239 1783 1360 1822 fuisse
1388 1782 1535 1821 dicitur

178 1839 388 1890 Pomponii
419 1842 623 1889 senatoris,
656 1842 725 1890 qui
756 1854 779 1879 a
808 1842 1029 1880 triumuiris
1055 1843 1115 1881 est
1139 1838 1410 1892 proscriptus.’
1461 1841 1534 1879 At-

177 1899 246 1947 qui
284 1899 505 1948 Porphyrio
543 1900 594 1937 ad
631 1900 667 1938 h.
701 1901 726 1938 l.
758 1901 912 1940 scribit:
951 1898 1131 1939 ‘Memini
1168 1914 1229 1939 me
1267 1901 1396 1952 legere
1428 1899 1534 1950 apud

179 1957 389 1995 Helenium
415 1958 610 1997 Acronem
640 1958 839 2010 Saganam
871 1961 1028 1999 nomine
1060 1960 1182 1998 fuisse
1208 1959 1351 1998 Horati
1383 1961 1534 2008 tempo-

178 2016 286 2055 ribus
323 2016 489 2067 Pompei
532 2018 710 2068 sagana*
754 2020 964 2067 senatoris,
1009 2021 1078 2068 qui
1121 2031 1145 2057 a
1188 2019 1410 2057 triumuiris
1444 2031 1534 2067 pro-

298 2175 314 2193 *
341 2187 483 2220 sagana
517 2178 552 2212 U
556 2178 603 2211 M
609 2180 644 2213 P
667 2188 758 2223 saga
786 2179 836 2213 W
855 2188 983 2224 sagam
1008 2178 1148 2213 Holder
1171 2188 1253 2213 cum
1272 2177 1534 2222 Petscheniqio,

179 2222 249 2256 alii
274 2222 464 2266 libertam,
491 2236 643 2259 uxorem
668 2226 728 2260 uel
753 2225 949 2270 coniugem
974 2226 1058 2267 fort.
1087 2226 1211 2260 Acron
1235 2226 1323 2269 ipse,
1348 2225 1393 2267 cf.
1421 2225 1534 2259 Pseu-

179 2269 279 2303 dacr.
313 2274 439 2305 natust.
473 2283 546 2315 epo.
581 2276 618 2314 5,
652 2276 713 2306 25:
753 2272 918 2318 Sagana]
956 2271 1101 2307 Nomen
1137 2272 1326 2307 ueneficae
1367 2270 1532 2306 alterius.

180 2316 284 2352 Haec
309 2317 491 2353 senatoris
518 2319 713 2353 cuiusdam
738 2330 848 2354 uxor
874 2319 946 2354 fuit
