1564 2494
116 72 207 115 ’512
444 71 681 108 ADDENDA
704 71 803 108 AVT
828 70 1139 108 GORmGENDA

119 178 154 213 H
173 190 212 224 p.
234 182 251 212 1
279 179 343 214 lin.
364 181 414 260 lsst
439 179 584 215 lectt'oni
612 178 768 213 mixtam
793 179 824 213 I.
844 178 971 214 Simon
999 179 1152 215 alteram
1177 180 1456 224 praeferendam

167 230 297 261 censet:
321 225 397 260 mix
415 235 438 260 a

120 272 156 307 H
174 284 213 318 p.
236 276 257 307 3
282 273 332 308 ad
355 284 391 308 u.
412 276 432 307 6
459 273 552 308 adde
573 272 821 320 ⁸<Fractus>J
846 272 1074 308 Debilitatus
1099 272 1224 316 P'bcc

120 319 155 354 Π
172 331 212 365 p.
233 323 276 354 22
304 320 366 355 lin.
389 323 433 354 10
457 320 569 355 adde:
593 322 649 355 48.
675 323 720 354 49

119 362 155 402 H
173 378 214 412 p.
234 370 278 402 25
305 367 368 402 lin.
391 371 409 401 1
441 366 520 401 fore
549 367 734 402 uictumm
764 377 854 402 uera
885 367 986 403 lectio
1016 378 1087 403 esse
1117 368 1281 411 uidetur,
1304 368 1350 411 cf.
1375 369 1453 404 ind.

167 426 195 450 s.
221 426 256 449 u.
283 414 463 449 Futurum
1367 446 1371 448 ,

123 460 157 495 Π
180 472 216 506 p.
236 464 282 495 50
307 461 370 496 lin.
390 464 434 495 23
460 462 524 507 leq.
540 471 562 495 a
574 463 652 496 sine
669 461 837 496 camellis
854 465 887 496 et
905 462 946 496 in
963 466 1149 506 apparatu
1168 472 1191 497 a
1203 461 1338 506 quibus
1349 463 1418 498 ete.
1431 477 1455 510 y

120 508 155 542 Π
167 520 207 553 p.
217 511 260 543 51
279 508 343 543 lin.
352 512 396 542 25
409 519 493 543 nam
506 508 694 544 delendum
703 508 867 551 uideram
879 509 1031 553 inrepsit
1039 509 1175 552 forma:
1182 509 1455 555 sobnam

119 555 155 589 H
173 567 213 600 p.
234 558 276 590 71
304 556 367 591 lim.
388 559 433 590 24
459 557 521 602 leq.
549 555 767 590 soluendo
789 566 860 600 pro
885 555 1102 590 soluendum

120 602 155 636 H
176 614 212 647 p.
236 606 292 637 95.
340 603 472 638 Nescio
509 614 560 637 an
595 602 839 647 praeferenda
879 603 992 646 fuerit
1026 604 1209 648 scriptura
1244 603 1455 650 Aesquiliu

170 650 234 685 lin.
255 653 275 684 3
301 653 334 684 et
357 649 571 694 Aesquiliae
598 651 661 684 lin.
681 653 726 684 20

120 696 155 732 Π
175 709 213 742 p.
236 700 314 739 102,
335 700 380 732 30
415 701 448 733 et
482 700 600 740 103,1
637 698 699 743 leq.
732 696 906 732 *Vellere
940 697 1054 744 (νσζ)]
1089 697 1288 742 Venicare,
1325 699 1364 733 et
1398 699 1456 734 est

170 743 265 779 κατὰ
288 744 330 779 τὸ
356 742 447 780 αὐτό
473 743 580 789 (Γέζ
604 746 684 787 (ita,
709 748 751 779 ut
774 755 888 779 unum
911 745 1015 780 schol.
1042 756 1086 780 ex
1109 745 1249 781 duobus
1271 746 1354 790 fiat)

120 791 158 825 ΔΠ
177 803 216 836 p.
239 794 305 826 109
332 792 395 826 lin.
416 795 460 826 23
487 792 550 837 leq.
577 790 780 834 §Canusini
802 802 869 835 pro
893 791 1094 826 *Canusini

121 838 156 872 H
176 850 214 883 p.
236 842 302 873 121
329 839 392 873 lin.
415 842 458 873 15
471 850 520 883 sq.
559 839 634 874 Pro
668 838 892 873 Lucilium
926 838 1131 874 Caluium
1163 841 1245 883 fort.
1276 841 1454 886 con-{yen-

169 886 255 921 dum
280 889 330 921 est
354 885 578 920 Licinium
604 884 789 920 Caluum

121 932 155 966 H
175 945 213 978 p.
236 936 301 967 121
329 933 391 968 lin.
410 936 456 967 -27
483 932 549 967 alii
574 949 618 961 =
644 934 798 977 Porph.;
817 944 855 977 p.
879 936 956 976 131,
977 936 1021 968 20
1046 932 1131 968 dev

121 979 155 1014 H
176 991 212 1024 p.
236 983 302 1014 135
329 981 393 1015 lin.
414 983 457 1014 23
484 981 546 1026 leq.
573 979 717 1014 hisdem
741 991 822 1015 eum
845 993 896 1025 yv
915 991 985 1024 pro
1009 980 1138 1024 isdem,
1163 981 1240 1016 uid.
1265 981 1343 1016 ind.

121 1026 155 1061 H
175 1038 213 1071 p.
236 1030 302 1061 142
329 1028 393 1062 lin.
415 1030 456 1062 17
478 1031 562 1072 post
586 1027 701 1062 sorori
726 1027 818 1062 adde
843 1028 918 1072 (leq.
946 1027 1071 1072 matri)

108 1074 155 1118 ‚H
173 1085 212 1119 p.
236 1077 302 1108 144
329 1075 392 1109 lin.
415 1078 469 1108 12.
507 1075 582 1109 Pro
613 1074 684 1118 πρὸ
717 1079 782 1108 τοῦ
812 1073 963 1118 ὕστερον
992 1076 1076 1118 fort.
1098 1075 1376 1119 praeferendum
1405 1079 1456 1111 est

169 1119 350 1164 πρότερον
374 1119 525 1165 ὕστερον
550 1122 609 1156 uel
631 1120 783 1164 ὕστερον
802 1119 982 1165 πρότερον

121 1167 155 1202 Π
177 1179 214 1212 p.
237 1171 302 1202 167
330 1169 393 1203 lin.
414 1172 458 1202 28
481 1179 549 1213 pro
574 1169 734 1203 lemmate
758 1168 800 1202 In
826 1168 947 1213 scopis
967 1180 1062 1213 pone
1086 1168 1134 1203 In
1160 1169 1291 1204 scobe

121 1215 156 1249 H
179 1227 214 1259 p.
237 1218 303 1249 169
329 1217 370 1250 in
394 1219 580 1260 apparatu
599 1226 669 1259 pro
696 1215 768 1261 ..]
793 1217 906 1250 scribe
932 1243 939 1250 .
956 1243 963 1250 .
979 1243 987 1250 .
1003 1213 1110 1263 ὅθεν]

121 1262 155 1296 H
174 1273 214 1307 p.
237 1265 304 1296 170
323 1266 408 1306 post
427 1263 490 1297 lin.
506 1266 526 1296 6
546 1262 657 1297 adde:
679 1266 732 1296 17.
746 1261 1006 1309 *<Exteri0r>]
1021 1262 1291 1307 Sinisterior‚in
1304 1262 1454 1299 sinistra

171 1311 278 1354 parte
302 1309 445 1354 positus
472 1309 579 1353 (Γέζ
1540 1328 1555 1370 3

108 1356 157 1390 ’Π
177 1368 215 1401 p.
239 1359 304 1391 171
331 1357 394 1391 lin.
416 1360 460 1390 25
482 1367 550 1401 pro
577 1356 608 1391 Ο
629 1357 700 1401 leye
724 1356 765 1390 Ε

122 1403 156 1437 Π
175 1415 214 1448 p.
238 1406 304 1437 179
332 1404 393 1438 lin.
416 1407 446 1437 7.
478 1404 609 1438 Nescio
635 1414 685 1437 an
709 1413 774 1446 pro
799 1401 920 1437 euntis
946 1402 1043 1437 niuis
1070 1403 1254 1449 legendum
1277 1404 1325 1438 sit
1348 1413 1452 1437 eun-

170 1450 294 1485 tibus
319 1450 505 1484 niuibus
530 1450 575 1493 cf.
601 1450 677 1485 ind.
703 1461 730 1484 s.
750 1461 786 1484 u.
812 1449 884 1483 Nix
1124 1489 1127 1491 .

122 1497 156 1531 H
176 1509 213 1542 p.
238 1500 314 1532 180.
343 1501 419 1532 182.
448 1500 524 1532 184.
554 1500 630 1532 192.
658 1499 726 1530 204
747 1507 816 1540 pro
836 1496 995 1531 SCHOL.
1018 1496 1185 1543 P'Vley.
1207 1495 1367 1531 SCHOL.
1387 1497 1461 1531 PV
1554 1522 1564 1543 ι

123 1544 157 1579 Π
179 1556 215 1589 p.
238 1548 305 1579 204
332 1545 394 1579 lin.
418 1548 460 1579 12
480 1555 551 1589 pro
577 1544 709 1578 coloris
735 1545 795 1589 ley.
824 1544 976 1578 odoris
1554 1543 1564 1581 ἰ

123 1591 156 1625 H
176 1603 215 1636 p.
237 1595 304 1626 230
331 1593 400 1627 lin:
416 1595 434 1625 1
462 1591 565 1626 add„-
591 1595 622 1626 9.
650 1592 842 1626 Praeterea
860 1590 1203 1626 Moschus—aliter
1220 1591 1277 1626 hic
1294 1601 1374 1626 cum
1395 1591 1462 1626 vV

171 1638 322 1674 delenda
345 1639 528 1681 uidentur,
547 1639 718 1683 quoniam
736 1638 821 1673 haec
839 1639 950 1673 uerba
969 1638 1018 1673 ad
1042 1639 1261 1683 Torquatum
1274 1638 1456 1682 pertinent

126 1685 160 1720 H
180 1697 218 1730 p.
240 1689 307 1720 239
335 1686 397 1721 lin.
419 1689 462 1720 23
489 1686 582 1720 inter
606 1696 708 1720 uoces
726 1684 900 1729 Philippo
925 1689 958 1720 et
976 1695 1054 1720 esse
1074 1685 1301 1720 inserendum
1318 1695 1455 1720 censeo:

228 1734 356 1767 ossunt

123 1779 157 1814 II
173 1732 225 1824 {P
237 1783 305 1814 244
331 1733 393 1815 liz.
415 1783 458 1814 25
478 1779 757 1824 praeferendum
782 1784 860 1814 erat
877 1778 1096 1821 faciente,
1116 1779 1161 1822 cf.
1183 1778 1455 1813 ADDENDA

172 1827 221 1861 ad
245 1826 262 1860 I
282 1838 319 1871 p.
341 1830 384 1860 33
411 1828 474 1862 lin.
495 1830 516 1860 4

125 1873 158 1907 H
178 1885 217 1918 p.
239 1877 303 1908 251
332 1874 394 1908 lin.
416 1877 460 1907 20
486 1873 596 1908 adde:
622 1876 651 1907 6.

124 1920 158 1954 H
177 1931 215 1965 p.
238 1924 305 1955 263
332 1921 394 1955 lin.
415 1924 460 1954 22
485 1931 565 1955 cum
590 1919 831 1954 dehonestate
857 1920 996 1954 Holder
1026 1924 1212 1965 comparat
1241 1917 1458 1954 Tertulliani

172 1979 291 2003 uocem
317 1967 561 2002 ‘inhonestas’

125 2014 158 2047 Π
181 2026 216 2059 p.
239 2018 306 2048 268
332 2015 396 2049 lin.
417 2018 460 2048 26
482 2026 552 2058 pro
578 2016 632 2056 20,
654 2017 673 2047 3
701 2015 763 2059 leq.
791 2017 846 2057 20,
866 2018 887 2048 4

126 2061 159 2094 H
179 2073 217 2106 p.
239 2064 306 2095 306
331 2065 365 2096 et
389 2065 457 2096 308
481 2072 620 2096 summa
635 2062 777 2105 paqina
790 2071 860 2104 pro
880 2059 1039 2095 SCHOL.
1058 2059 1147 2094 P'V
1161 2060 1223 2106 leq.
1239 2058 1397 2094 SCHOL.
1414 2055 1456 2091 P*

126 2107 159 2141 H
179 2120 217 2152 p.
239 2111 306 2142 308
332 2109 395 2143 lin.
417 2111 461 2142 20
481 2118 551 2152 pro
577 2109 735 2142 lemmate
760 2107 896 2141 Rideat
915 2118 1010 2151 pone
1034 2107 1190 2142 Pulset

126 2154 160 2188 H
179 2167 218 2199 p.
240 2158 308 2189 314
334 2156 397 2190 lin.
420 2159 463 2189 14
483 2155 724 2199 praeferenda
748 2158 825 2189 erat
850 2155 951 2189 lectio
975 2164 1056 2188 meo
1076 2154 1163 2198 (cod.
1185 2155 1218 2198 ν)
1240 2151 1379 2188 lectioni
1397 2161 1457 2185 me

126 2201 160 2236 Π
180 2213 218 2246 p.
240 2205 306 2236 351
333 2203 396 2236 lin.
420 2206 462 2236 18
487 2202 598 2236 adde.-
623 2204 700 2234 252.

126 2248 160 2282 H
180 2260 218 2293 p.
240 2252 318 2283 352.
357 2249 431 2283 Pro
457 2248 553 2283 Nam
577 2250 659 2291 fort.
685 2247 935 2293 corriqendum
958 2252 1035 2283 erat
1060 2247 1137 2282 Iam

127 2295 160 2328 II
179 2307 218 2340 p.
240 2299 317 2330 404.
357 2296 444 2330 Post
469 2295 658 2329 Lucretius
684 2294 776 2329 adde
801 2294 817 2327 I
842 2298 902 2328 61:
928 2306 954 2329 s.
981 2295 997 2328 Ι
1022 2298 1054 2337 5,
1076 2298 1140 2329 101
