1632 2512
99 798 145 830 10

98 1105 142 1138 15

96 1411 142 1444 20

173 109 230 152 58
609 109 771 146 SOHOL.
787 110 832 146 P'
843 111 880 148 V
891 110 946 146 [N
968 111 1079 147 HOR.

292 215 368 260 71.
400 219 426 271 ξ
439 221 561 260 Nulla
591 221 757 261 taberna
786 236 836 261 m.
865 217 971 277 (vc)]
1026 223 1158 275 Negat
1181 236 1222 263 se
1246 223 1399 264 libellos
1424 237 1514 265 suos

173 279 284 318 edere
313 279 552 330 bibliopolis,
577 294 632 319 ne
661 282 876 331 inperitam
898 282 1058 321 turbam
1081 283 1270 332 incidant,
1302 284 1431 333 qualis
1456 285 1516 323 est

171 338 438 390 Hermogenes
470 339 672 391 Tigellius.

287 409 374 448 Hoc
415 411 475 449 ita
516 412 668 460 posuit,
717 412 904 460 quoniam
945 411 1184 462 bibliopolae
1223 414 1412 453 stationes
1448 414 1514 452 uel

172 470 344 507 armaria
380 470 485 508 circa
519 470 623 519 pilas
659 469 725 508 uel
761 470 962 509 columnas
998 470 1214 519 habebant,
1256 484 1302 510 ac
1336 484 1408 522 per
1439 473 1514 512 hoc

170 528 344 567 ostendit
382 540 423 567 se
459 541 538 566 non
574 531 722 567 temere
758 530 943 578 cuiquam
979 529 1134 568 libellos
1171 543 1261 569 suos
1291 530 1404 570 edere
1435 532 1514 570 nisi

171 588 288 626 certis
320 588 361 626 et
389 587 524 626 electis
554 589 731 637 personis
762 583 833 641 (P‘
840 588 861 626 b
872 588 953 635 ch

287 657 552 707 *Plerumque
594 659 637 696 in
678 659 772 708 pilis
814 658 880 697 uel
915 660 958 697 in
994 659 1186 698 columnis
1223 661 1510 712 epigrammata

170 716 394 756 scribebant
422 718 562 767 poetae
593 718 658 755 uel
687 717 914 767 bibliopolis
944 718 1155 757 tradebant
1187 714 1340 772 (F'bcg

291 782 367 827 74.
421 788 512 826 Non
554 788 684 827 ubiuis
729 783 810 842 (ν)]
871 788 979 828 Idest
1020 802 1146 838 neque
1190 802 1343 840 semper
1385 803 1512 840 neque

169 847 305 896 aperte
336 859 463 896 neque
494 848 604 885 extra
635 848 780 886 amicos
810 848 932 886 recito
965 842 1034 900 (P'
1041 848 1062 885 b
1069 849 1094 896 f
1104 848 1141 886 V

287 916 313 966 ἓ
326 917 374 955 In
404 917 533 956 medio
566 919 635 967 qui
665 919 797 968 script.
826 912 906 971 (ν)]
961 918 1047 957 Hoc
1077 919 1133 957 sic
1162 919 1511 968 pronuntiandum,

170 977 284 1025 quasi
321 976 489 1026 quilibet
524 977 632 1016 dicat
667 979 945 1027 contempnens
975 977 1205 1016 Horatium:
1246 978 1334 1016 ideo
1371 980 1415 1016 tu
1452 991 1510 1017 se-

168 1036 272 1074 crete
302 1037 463 1084 recitas,
501 1037 596 1085 quia
625 1037 744 1074 multi
774 1036 970 1086 digniores
1000 1038 1041 1075 te
1071 1039 1179 1085 sunt,
1212 1038 1282 1086 qui
1309 1039 1352 1076 in
1381 1037 1510 1076 medio

167 1094 252 1132 foro
294 1096 475 1133 recitant.
536 1094 688 1133 Deinde
726 1097 923 1134 consentit
958 1095 1147 1134 Horatius
1185 1097 1225 1134 et
1261 1096 1389 1135 addit:
1431 1109 1512 1136 non

167 1153 391 1192 mirandum
426 1154 517 1202 hoc,
553 1166 646 1192 nam
676 1155 822 1193 multos
854 1167 952 1202 esse,
990 1156 1059 1203 qui
1089 1156 1130 1193 et
1158 1156 1202 1193 in
1230 1154 1382 1194 balneis
1412 1157 1509 1194 reci-

166 1213 265 1261 tent,
295 1214 335 1251 et
365 1212 477 1251 addit
506 1225 665 1252 causam
693 1226 765 1262 per
794 1214 974 1261 ironiam,
1006 1214 1099 1262 quia
1129 1214 1171 1252 in
1195 1213 1345 1253 balneis
1369 1215 1510 1254 melius

169 1283 247 1309 uox
275 1273 432 1310 resonet
463 1266 531 1324 (Γ
538 1272 559 1309 b
570 1272 621 1310 Vc
628 1272 649 1318 ζ
671 1273 718 1320 cf.
744 1272 885 1320 Porph.

287 1337 312 1379 ’7
319 1338 363 1381 8.
398 1337 473 1382 79.
505 1341 598 1391 §Et
622 1342 694 1381 hoc
719 1343 849 1381 studio
874 1355 1020 1392 prauus
1043 1336 1123 1395 (v)]
1175 1342 1372 1381 Subiectio
1398 1339 1507 1395 [est]

169 1399 245 1438 Sed
274 1400 376 1439 forte
407 1401 522 1440 dicis:
562 1403 749 1451 quoniam
779 1403 956 1451 satyram
986 1401 1134 1449 scribis,
1165 1414 1188 1439 0
1218 1401 1374 1450 Horati,
1406 1414 1506 1451 quae

166 1461 282 1498 notat
310 1460 499 1509 homines,
530 1460 617 1499 ideo
649 1461 752 1499 clam
782 1462 925 1499 recitas
957 1455 1145 1513 (P‘chg

287 1525 362 1569 79.
394 1530 535 1569 *Vnde
559 1532 730 1580 petitum
755 1525 835 1584 (ν)]
889 1531 973 1569 Aut
995 1530 1098 1568 unde
1123 1530 1298 1570 didicisti
1321 1531 1406 1580 hoc,
1436 1533 1508 1570 aut

165 1588 267 1627 unde
299 1590 386 1638 scis,
418 1589 514 1639 quid
543 1591 597 1628 sit
620 1588 815 1639 prauum?
842 1584 911 1642 (P'
927 1589 1089 1638 yloss.V

283 1740 303 1771 2
335 1737 457 1782 inper:
484 1738 565 1783 yV]
591 1737 726 1782 imper:
763 1748 855 1779 rvc,
885 1737 906 1772 b
931 1737 1074 1772 absciss.
1101 1737 1198 1772 inter
1228 1737 1413 1782 picturam
1441 1744 1461 1780 ζ

164 1787 187 1817 4
212 1783 403 1831 quoniam]
430 1784 530 1829 quod
554 1787 600 1827 οζ
714 1784 776 1819 uel
804 1783 943 1830 F'bcg]
970 1784 1067 1819 idest
1094 1785 1128 1819 V
1266 1788 1286 1819 6
1313 1784 1502 1831 cuiquam]

165 1830 369 1875 quuiquam
396 1832 431 1866 V
569 1835 587 1865 7
615 1831 725 1866 certis
757 1833 795 1866 et
822 1831 967 1878 electis]
992 1830 1233 1866 nobilissimis
1258 1832 1303 1873 σζ
1331 1831 1441 1866 certis
1467 1833 1505 1866 et

164 1876 311 1912 iectisV
330 1879 440 1913 certis
460 1880 498 1913 et
517 1878 644 1913 eiectis
657 1890 678 1913 r
786 1882 829 1913 12
848 1878 918 1913 hoc
931 1899 978 1904 —-
990 1878 1055 1923 qui
1074 1879 1127 1924 et]
1141 1879 1236 1920 οηιζ
1340 1883 1382 1912 13
1396 1878 1504 1923 quasi

165 1924 260 1970 quil:
282 1924 399 1972 dicat]
419 1927 475 1960 est
494 1925 602 1970 quasi
621 1925 724 1960 dicat
742 1925 902 1970 quilibet
919 1935 938 1960 c
1033 1926 1134 1960 cont:
1156 1946 1200 1950 —
1220 1923 1345 1971 multi]
1365 1926 1458 1967 οηι.ζ

167 1975 209 2006 14
225 1971 376 2019 recitas]
392 1972 522 2007 scribis
536 1973 556 2008 b
652 1972 856 2018 digniores]
870 1983 943 2006 non
956 1971 1184 2017 indigniores
1197 1982 1216 2006 c
1312 1975 1354 2006 15
1368 1971 1503 2006 deinde

165 2039 208 2044 —
228 2017 315 2065 hoc]
340 2030 405 2055 om.
426 2030 445 2054 c
548 2022 590 2054 16
617 2019 711 2065 esse]
738 2019 869 2054 dicunt
893 2029 972 2053 esse
997 2029 1016 2053 c
1109 2018 1148 2052 in
1174 2017 1333 2099 balneis]
1359 2018 1413 2053 eis
1439 2021 1459 2060 ζ

163 2065 336 2112 recitent]
364 2066 525 2101 recitant
549 2077 578 2109 c,
603 2067 701 2109 deftc.
722 2067 742 2108 ζ
837 2069 879 2100 17
905 2067 944 2100 et
968 2065 1089 2111 addit]
1116 2065 1273 2110 ideoque
1299 2076 1318 2099 c
1335 2075 1502 2100 amamus

164 2111 385 2157 (dannamus
410 2114 441 2158 ζ)
465 2115 525 2156 cg,
563 2114 697 2148 lacuna
726 2114 767 2147 in
794 2114 830 2148 V
964 2112 1061 2146 hanc
1092 2122 1242 2146 causam
1272 2113 1331 2154 οξ,
1369 2112 1502 2147 lacuna

164 2163 248 2194 ante
261 2170 296 2193 e:
317 2161 358 2194 in
372 2161 406 2194 V
496 2160 681 2195 hironiam
693 2170 738 2194 rc
761 2159 956 2204 hyroniam
970 2172 990 2203 y
1001 2159 1035 2193 V
1054 2158 1247 2202 hyreniam
1261 2171 1282 2192 ν
1300 2159 1471 2203 yroniam
1485 2165 1504 2202 ζ

162 2206 295 2251 yronia
319 2208 340 2242 b
456 2211 498 2241 18
522 2207 684 2260 resonet]
711 2208 816 2241 sonet
839 2208 884 2247 σζ
996 2208 1038 2239 19
1064 2206 1190 2240 lemma
1215 2206 1255 2239 in
1279 2207 1337 2248 εζε
1363 2205 1502 2241 Ledere

162 2253 304 2299 gaudes
400 2253 597 2300 subiectio]
626 2253 786 2288 obiectio
812 2267 833 2288 ν
929 2253 986 2287 est
1009 2253 1054 2294 εξ
1076 2263 1141 2287 om.
1167 2254 1244 2287 cett.
1342 2255 1386 2286 20
1412 2265 1501 2298 quo-

162 2299 280 2346 niam]
306 2300 490 2345 quomodo
515 2302 559 2342 οξ
659 2302 823 2344 satyram
847 2299 1019 2345 rvacL‘]
1045 2299 1198 2334 satiram
1224 2312 1244 2343 γ
1341 2310 1436 2344 quae
1455 2321 1501 2326 —

163 2347 314 2393 recitas]
340 2358 405 2382 om.
426 2348 473 2389 σζ
