1638 2528
205 102 287 145 148
637 100 798 137 SCHOL.
813 100 859 137 Γ
869 100 970 138 VIN
993 100 1105 137 HOR.

323 207 430 253 143.
461 212 568 258 *Qui
585 213 849 252 Veientanum
874 207 956 267 (ν)]
1010 213 1230 253 Veientana
1261 214 1402 253 ciuitas
1429 213 1543 252 σιω-
1615 202 1622 220 ·’

200 273 343 323 panias
384 267 561 325 (apuliae
592 267 674 325 οξ),
716 272 759 310 in
801 285 880 323 qua
921 274 1097 311 nascitur
1138 274 1351 323 pessimum
1393 274 1544 322 uinum,

201 333 247 370 ut
276 331 433 370 Persius
465 326 524 385 (5,
551 326 673 384 147):

413 413 752 463 Veientanumque
783 413 980 452 rubellum

155 521 177 551 5
203 503 262 561 (Γ
269 505 334 555 ὀξ
356 520 456 547 cons.
480 509 622 558 Porph.
647 509 808 557 exceptis
836 509 990 557 ineptiis

323 573 432 619 144.
463 578 488 629 ξ
505 578 706 629 Campana
737 592 766 618 s.
785 579 908 618 trulla
931 575 1031 633 (οζ)]
1088 579 1265 618 Trullam
1292 579 1391 618 dicit
1414 579 1542 618 defor-

202 651 305 677 mem
337 638 498 677 calicem
529 640 569 677 et
598 639 843 678 rusticanum
873 635 963 691 [aut
992 651 1062 677 uas
1093 635 1232 690 fictile]
1264 633 1334 692 (P'
1343 639 1424 685 Ῡσζ

320 697 464 747 Vappa
494 697 639 736 dicitur
669 699 817 746 uinum,
852 697 957 747 quod
989 699 1072 736 sine
1103 710 1242 747 sapore
1272 699 1342 736 est.
1404 697 1546 747 Vappa

201 757 357 805 uinum,
402 758 465 795 cui
500 757 687 796 miscetur
725 769 838 806 aqua.
899 756 1059 806 Vappa,
1103 757 1206 806 quod
1236 756 1282 794 fit
1311 769 1359 795 ex
1387 757 1546 806 perfusa

135 827 179 857 10
204 816 367 855 uinatia.
417 815 471 854 Et
499 816 573 854 hoc
603 817 802 854 uinatium
826 816 972 854 lectum
997 818 1056 854 est
1080 817 1120 854 et
1143 816 1238 854 haec
1262 816 1416 854 uinatia
1435 810 1504 868 (P'
1514 816 1549 853 V

325 881 432 926 145.
487 885 685 937 *Letargo
717 881 819 940 (οζ)]
879 887 1036 935 Morbo,
1080 887 1147 936 qui
1182 886 1279 925 facit
1314 887 1545 925 inmemores

204 945 326 984 nimio
358 958 493 984 somno
526 940 698 998 (F'Ecg
741 995 745 998 ἢ

326 1011 590 1055 145-147.
640 999 926 1066 *Ἶΐιειρθνίτθὺ
955 1017 1166 1066 apothecas
1197 1012 1254 1070 (Γ

326 1081 433 1126 147.
483 1086 624 1126 *Celer
659 1089 779 1136 atque
814 1088 839 1125 f.
865 1082 946 1140 (ν)]
1002 1087 1222 1137 Vtrumque
1254 1087 1314 1125 illi
1344 1087 1545 1135 concessit,

139 1155 181 1187 15
208 1146 312 1195 quod
343 1148 402 1184 est
431 1146 582 1185 medico
613 1148 890 1185 necessarium:
932 1147 1097 1185 scientia
1127 1159 1215 1185 cum
1245 1146 1453 1197 diligentia.
1484 1158 1545 1184 co-

206 1205 345 1254 pulata
375 1199 432 1257 (Γ
439 1202 450 1216 '

328 1269 435 1314 155.
466 1275 555 1313 *Tu
580 1287 707 1314 cessas
734 1270 813 1329 (ν)]
870 1275 955 1314 Hoc
980 1272 1231 1326 <a>egrotus.
1289 1274 1377 1324 Cur,
1403 1275 1546 1325 inquit,

207 1333 303 1372 mihi
333 1335 425 1372 tuae
456 1334 727 1385 neglegentiae
758 1336 905 1372 crimen
934 1333 1117 1384 inponis?
1149 1329 1219 1387 (F'

324 1404 603 1444 *Tisanarium
634 1399 727 1457 (E)]
783 1405 864 1443 Vas
902 1407 960 1444 est
996 1404 1133 1453 fictile,
1172 1405 1213 1442 in
1251 1417 1328 1453 quo
1365 1405 1548 1454 coquitur

138 1473 183 1504 20
208 1464 314 1502 oriza
343 1463 408 1501 uel
437 1464 569 1502 tisana
600 1458 718 1516 (ΓἘ

327 1517 435 1562 159.
490 1522 622 1572 Siquis
659 1535 738 1560 non
775 1524 828 1561 sit
864 1535 1007 1560 auarus
1045 1517 1125 1575 (ν)]
1186 1522 1275 1561 Non
1313 1521 1459 1560 sufficit
1497 1522 1546 1560 ad

208 1581 420 1620 sanitatem
451 1594 614 1620 auarum
645 1594 723 1620 non
754 1593 835 1620 esse
867 1576 985 1634 (P'V

328 1635 436 1680 161.
485 1639 511 1689 ἓ
525 1640 568 1678 Si
603 1640 678 1678 tibi
709 1640 851 1679 dixerit
880 1640 1051 1679 medicus
1082 1640 1129 1677 de
1161 1651 1295 1690 aegro,
1334 1639 1439 1688 quod
1469 1651 1544 1677 non

208 1699 425 1747 cardiacus,
461 1702 506 1738 tu
537 1700 613 1748 ais,
645 1699 750 1749 quod
780 1701 914 1750 surget
944 1698 990 1737 de
1021 1699 1133 1737 lecto.
1194 1698 1343 1737 Iterum
1373 1697 1545 1736 medicus

139 1767 182 1797 25
208 1758 346 1806 adicit,
390 1758 494 1807 quod
530 1771 608 1797 non
645 1759 794 1809 surget,
838 1758 943 1807 quod
980 1758 1059 1797 alio
1089 1757 1224 1796 morbo
1255 1757 1420 1796 laborat.
1483 1756 1547 1794 Sic

209 1829 299 1867 ergo
338 1817 451 1855 dicis:
488 1817 556 1855 ille
586 1829 665 1855 non
696 1818 755 1855 est
784 1818 982 1866 periurus,
1019 1829 1143 1866 neque
1174 1815 1353 1855 sordidus
1384 1815 1547 1853 inmolet

209 1875 282 1914 diis
312 1888 483 1925 porcam,
511 1872 581 1914 sed
612 1878 672 1914 est
702 1875 932 1914 ambitiosus
965 1877 1004 1913 et
1036 1875 1174 1924 audax,
1206 1875 1284 1913 alio
1310 1875 1412 1912 uitio
1438 1873 1544 1912 labo-

207 1936 271 1972 rat
301 1936 340 1973 et
371 1934 486 1972 debet
515 1935 571 1972 ire
603 1934 653 1972 ad
683 1934 906 1983 Anticyras,
936 1936 982 1972 ut
1012 1936 1168 1972 curetur
1198 1928 1267 1987 (F'
1283 1933 1334 1971 Vc
1341 1933 1362 1979 ζ

327 2061 345 2091 ‘1
372 2058 425 2103 et]
451 2059 517 2092 aut
541 2071 562 2092 ν
586 2057 648 2092 uel
672 2060 718 2099 οζ
810 2058 876 2092 aut
898 2067 966 2092 uas
990 2056 1038 2103 f:]
1064 2068 1129 2092 om.
1142 2057 1216 2098 ch·
1321 2059 1341 2090 8
1368 2055 1468 2100 quod
1495 2055 1545 2102 V]

208 2114 274 2139 om.
295 2103 342 2138 Γ’
449 2106 505 2139 est
530 2104 581 2150 V]
608 2116 673 2140 om.
696 2103 742 2139 P'
862 2107 882 2139 9
909 2104 1007 2148 quod
1033 2103 1096 2150 Γ’]
1122 2103 1232 2138 om.V
1328 2113 1371 2137 ex
1397 2102 1546 2147 perfusa

208 2150 368 2196 uinatia]
389 2162 454 2186 om.
471 2151 503 2187 V
598 2154 640 2186 10
659 2151 849 2186 uiuacium
866 2162 887 2186 r
982 2154 1024 2185 18
1044 2150 1203 2195 imponis
1222 2161 1270 2185 rv
1366 2153 1410 2184 23
1430 2149 1546 2184 medi-

210 2207 274 2231 cus
307 2198 420 2243 FVg]
451 2198 619 2233 modicus
644 2212 666 2233 ν
695 2198 899 2233 maledicus
930 2208 949 2232 c
973 2198 1097 2242 Pauly
1126 2196 1312 2239 Hauthal,
1347 2196 1424 2231 uid.
1449 2197 1543 2232 stud.

217 2244 367 2279 Vindob.
395 2248 483 2279 1901
505 2257 544 2289 p.
567 2249 633 2280 112
776 2244 876 2289 quod
899 2255 974 2279 non
997 2244 1104 2290 er]
1131 2243 1230 2287 quod
1254 2254 1328 2278 non
1353 2244 1403 2278 sit
1427 2257 1447 2288 y
1473 2254 1545 2278 non

210 2292 268 2326 est
290 2293 335 2332 εζ
475 2295 518 2325 26
545 2292 608 2326 ille
633 2292 690 2347 εξ]
716 2291 780 2326 isso
807 2290 899 2326 P‘V
1035 2290 1190 2326 inmolet
1214 2291 1250 2336 ν]
1277 2290 1444 2325 immolet
1467 2294 1544 2326 cett.

211 2337 355 2383 (imolet
378 2340 409 2382 c)
507 2342 549 2373 28
576 2339 752 2373 antiziras
778 2338 812 2373 V
