1626 2524
189 87 276 131 320
625 86 786 123 SCHOL.
801 86 895 124 P‘V
905 86 960 123 IN
982 86 1095 124 HOR.

187 200 336 249 portus.
399 198 606 250 Significat
642 200 775 238 autem
805 197 1021 238 Lucrinum
1048 201 1207 250 portum
1237 201 1278 238 et
1308 199 1425 249 alios,
1461 200 1533 250 qui

188 259 409 297 manufacti
444 259 537 297 sunt
572 257 622 296 ab
652 257 851 309 Augusto,
894 259 934 296 et
970 258 1051 297 alia
1085 270 1223 310 regum
1252 271 1383 308 opera.
1443 258 1530 298 Hoc

190 320 250 356 est
297 317 450 369 regium
499 329 614 367 opus,
664 317 769 366 quod
815 317 948 356 nullus
996 317 1124 356 facere
1171 319 1304 367 potest
1345 317 1422 356 nisi
1462 330 1532 356 rex

210 378 249 414 Γ
254 373 266 388 ‘
279 391 304 414 α
316 377 342 423 f
355 376 414 415 Vc
425 376 448 423 ζ

141 443 164 474 5
191 371 208 430 (
308 430 386 474 66.
436 433 462 484 ξ
475 434 637 473 Vicinas
667 434 752 473 urb.
785 429 888 488 (V)]
949 434 1077 473 Diuus
1106 434 1310 486 Augustus
1339 435 1437 475 duas
1468 447 1530 474 res

190 494 346 533 diuinas
376 494 483 543 fecit,
513 495 560 532 ut
589 493 800 532 Pontinam
824 494 1011 543 paludem
1041 493 1252 533 exsiccaret
1282 495 1322 533 et
1346 494 1398 533 ad
1421 507 1531 533 mare

189 554 365 592 meatum
394 553 538 591 habere
569 555 742 604 cogeret,
782 548 864 604 [ut]
896 554 988 602 post
1018 554 1140 591 etiam
1170 554 1276 591 arari
1304 555 1455 602 posset,
1491 555 1533 592 et

189 613 349 662 portum
378 611 594 650 Lucrinum
629 613 800 660 munire,
841 612 887 650 de
926 624 1003 661 quo
1033 611 1144 650 Maro
1177 606 1316 664 (yeory.
1342 611 1383 650 H
1410 606 1531 664 161):

402 694 649 744 Lucrinoque
680 694 816 733 addita
848 694 1020 733 claustra
1052 688 1209 748 (P'ocbf
1217 694 1299 740 ch

122 797 166 829 10
310 788 364 826 Et
393 788 467 827 hoc
497 789 532 827 si
561 789 711 827 factum
742 789 813 838 est,
843 789 947 827 idest
977 789 1011 827 si
1039 789 1214 827 mutauit
1237 801 1394 827 cursum
1417 801 1532 827 suum

191 847 347 895 fluuius,
378 847 509 886 credes
540 860 653 897 posse
683 847 769 886 fieri
792 847 846 896 id,
876 847 979 886 idest
1002 848 1130 897 perire
1154 849 1307 886 nostra:
1337 847 1533 897 siquidem

190 906 352 954 fluuius,
391 908 460 955 qui
495 906 662 945 nocebat
697 906 877 958 frugibus
914 918 1030 945 cursu
1061 919 1148 955 suc,
1184 907 1361 945 mutatus
1391 908 1452 945 est
1481 907 1533 945 ad

192 965 302 1004 aliud
330 966 408 1004 iter
437 966 483 1003 ut
513 965 676 1015 Tiberis,
709 967 778 1015 qui
807 967 981 1004 mutauit
1010 978 1177 1014 cursum,
1209 977 1258 1004 ne
1288 965 1433 1004 Vestae
1463 978 1533 1004 no-

192 1036 278 1063 cere
308 1026 442 1074 posset
473 1019 652 1076 (F'abf
666 1025 703 1062 V
776 1069 779 1071 ,

122 1092 166 1123 15
310 1078 388 1122 67.
431 1083 539 1122 *Seu
570 1095 726 1122 cursum
756 1097 807 1121 m.
833 1084 858 1121 1.
884 1084 910 1122 f.
939 1077 1041 1137 (οζ)]
1097 1078 1192 1121 Ἀπὸ
1223 1079 1418 1134 κοιν<ο>ῦ
1448 1084 1532 1122 siue

193 1142 430 1192 generaliter
461 1142 622 1191 quidam
652 1143 793 1180 uolunt
823 1143 1009 1191 accipere,
1042 1142 1198 1191 quando
1229 1154 1387 1191 campos
1418 1144 1532 1192 aptos

193 1201 457 1251 agriculturae
481 1201 664 1250 liberant,
696 1203 917 1240 auertentes
941 1202 1117 1249 flumina,
1146 1213 1246 1250 quae
1271 1201 1416 1240 infesta
1441 1202 1533 1240 sunt

213 1260 251 1297 Γ
257 1256 268 1270 ‘
282 1274 306 1296 α
320 1259 373 1305 οζ

194 1254 211 1312 <
311 1316 336 1367 ξ
350 1318 544 1369 Frugibus
571 1315 751 1369 a<m>nis
778 1312 880 1371 (V)]
923 1318 1095 1356 Tiberim
1121 1319 1405 1369 intellegimus3
1429 1318 1532 1357 hunc

121 1385 168 1417 20
193 1378 298 1415 enim
329 1377 528 1416 deriuauit
555 1377 770 1428 Augustus,
803 1389 881 1426 qua
911 1390 1014 1415 nunc
1044 1377 1173 1426 uadit3
1205 1379 1297 1415 ante
1327 1378 1432 1415 enim
1462 1389 1533 1427 per

192 1435 408 1474 Velabrum
455 1435 603 1474 fluebat
652 1430 770 1489 (cons.
812 1430 984 1488 Porph.)
1068 1435 1181 1474 Vnde
1229 1437 1269 1474 et
1317 1435 1532 1474 Velabrum

193 1495 354 1543 dictum,
386 1495 490 1544 quod
520 1495 618 1534 uelis
649 1495 885 1533 transiretur
917 1488 985 1547 (P‘
994 1494 1074 1541 7οζ

312 1524 390 1593 69.
437 1553 630 1603 §Nedum
661 1565 882 1592 sermonum
914 1548 1016 1606 (V)]
1071 1553 1178 1592 Idest
1208 1554 1242 1591 si
1271 1553 1367 1592 haec
1398 1554 1532 1591 omnia

193 1614 415 1661 mutantur,
463 1613 672 1651 uerborum
722 1613 851 1664 gratia
899 1614 1080 1661 perennis
1130 1624 1287 1650 manere
1337 1611 1531 1661 quomodo

122 1680 167 1711 25
193 1670 350 1721 potest?
384 1666 452 1724 (P'
459 1672 573 1718 0:ch

312 1810 332 1842 3
357 1806 516 1854 regium]
541 1817 670 1853 regum
697 1808 731 1842 V
749 1806 847 1853 regis
873 1818 892 1842 c
898 1809 918 1848 ζ
1028 1809 1048 1841 6
1074 1806 1131 1852 ut]
1157 1817 1223 1841 om.
1235 1806 1282 1840 Vc
1289 1808 1309 1847 ζ
1409 1805 1532 1850 ponti-

193 1865 279 1889 nam
305 1855 412 1890 ναὸν
423 1855 471 1890 Vc
478 1855 509 1900 ζ]
535 1854 744 1899 pontiniam
769 1855 788 1897 f
819 1854 1026 1899 pomtinam
1051 1867 1072 1898 y
1214 1853 1430 1898 exsiccaret]
1457 1852 1532 1886 exi—

195 1903 296 1936 caret
319 1902 343 1945 f
362 1901 519 1937 siccauit
542 1904 588 1943 οζ
679 1903 722 1936 ut
746 1901 794 1936 ad
819 1911 920 1936 mare
944 1901 1108 1935 meatum
1132 1899 1287 1934 haberet
1306 1901 1351 1941 σζ
1445 1902 1463 1933 7
1489 1900 1532 1933 ut

193 1951 278 1990 cgm
297 1959 363 1983 om.
383 1953 458 1983 cett.
555 1953 576 1983 8
607 1948 750 1983 munire
781 1949 889 1983 etiam
913 1947 1063 1992 Porph]
1096 1946 1258 1981 muniuit
1288 1949 1402 1987 ccccm
1426 1946 1532 1990 edit.;

194 1995 337 2029 munire
361 2006 436 2030 non
460 1996 501 2030 in
524 1995 686 2030 muniret
709 1995 936 2037 mutandum,
960 1995 1021 2029 sed
1044 1995 1119 2029 scil.
1145 1993 1236 2028 fecit
1258 1993 1404 2028 uidetur
1427 1993 1532 2028 intel-

195 2043 381 2087 leyendum
405 2053 476 2078 esse
590 2046 632 2077 11
659 2042 698 2076 id
726 2041 787 2123 P'E
814 2053 880 2077 om.
899 2041 922 2084 f
932 2042 965 2076 V
979 2052 1083 2076 emm.
1105 2054 1129 2075 α
1147 2045 1182 2075 et
1200 2041 1220 2075 b
1317 2043 1359 2074 13
1384 2040 1530 2122 uestaeg

195 2091 336 2123 aestate
356 2090 492 2135 Pauly,
511 2090 581 2124 sed.
591 2090 636 2132 cf.
645 2101 752 2124 carm
806 2093 838 2133 2,
861 2091 996 2123 13—16
1093 2088 1238 2122 noceret
1257 2100 1280 2120 α
1392 2090 1435 2121 15
1454 2087 1508 2121 ἀπ

194 2156 240 2161 —
260 2136 354 2181 siue]
380 2147 446 2171 om
466 2148 516 2172 roc
612 2136 791 2181 apocoyni
816 2137 836 2178 ζ
859 2135 1092 2177 QPOCOYN!
1119 2146 1137 2169 c
1251 2137 1294 2167 17
1320 2134 1530 2167 auertentes

194 2194 296 2226 γαρ
285 2184 312 2228 Ἴ
339 2183 437 2217 idest
459 2184 647 2218 uertentes
672 2196 719 2219 rv
865 2186 907 2217 19
933 2181 1053 2216 amnis
1077 2183 1122 2222 οξ
1262 2183 1307 2214 20
1333 2180 1454 2216 deriu:
1483 2181 1531 2216 Vc

194 2239 288 2263 cons.
309 2231 341 2274 ζ]
368 2230 547 2265 diriuauit
572 2229 618 2265 Γ
752 2229 946 2275 augustus]
973 2228 1130 2273 agrippa
1154 2227 1287 2271 Porph.
1407 2227 1529 2273 uadit]

195 2275 330 2310 incidit
353 2279 397 2317 εζ
419 2276 559 2312 incedit
584 2278 666 2312 edit.
848 2280 891 2310 24
916 2275 1087 2320 perennis
1113 2274 1206 2320 avc]
1231 2274 1429 2318 perhennis
1454 2274 1535 2309 PV

195 2322 405 2367 perhemnis
431 2327 451 2365 ζ
