1656 2524
544 116 556 125 ,
614 97 618 100 ·
639 83 811 121 smum
829 86 862 124 ,9.
885 86 930 119 10
1378 82 1463 125 105

230 195 335 242 Quid
376 198 437 236 est
479 194 699 236 antestari?
761 194 867 235 Olim
909 196 979 246 qui
1014 194 1310 245 antestabatur,
1353 195 1463 234 auri-

112 256 241 295 culam
273 255 545 307 contingebat,
575 255 744 305 ideoque
774 257 894 306 poeta
923 256 999 294 ait:
1042 254 1212 294 libenter
1242 254 1462 294 auriculam

111 316 256 366 optuli:
319 315 501 366 Tangens
533 317 669 354 autem
700 315 920 354 auriculam
949 314 1012 353 his
1043 314 1177 353 uerbis
1207 314 1462 364 loquebatur:

112 370 229 414 ‘licet
271 371 512 414 antestari?'
577 373 620 412 Si
661 374 731 412 ille
772 373 1055 425 respondisset:
1100 370 1249 423 ‘licet’‚
1290 386 1361 425 per
1402 374 1463 412 in—

110 435 321 473 iectionem
350 445 492 472 manus
522 433 797 473 aduersarium
828 446 942 473 suum
972 434 1016 472 in
1045 433 1236 472 iudicium
1268 433 1462 472 trahebat.
1512 441 1533 474 5

113 492 228 539 Quod
259 494 294 532 si
322 495 545 532 antestatus
569 505 650 532 non
675 496 778 532 esset
802 487 842 532 et
865 505 1028 532 manum
1051 493 1263 542 iniecisset,
1293 492 1464 531 iniuriae

111 565 201 591 reus
240 553 429 592 constitui
464 554 633 604 poterat.
695 552 862 591 Plautus
898 554 941 591 in
977 551 1100 591 Persa.
1136 547 1239 605 (1111
1266 553 1311 602 9,
1339 553 1393 591 10
1406 563 1460 600 sq.

112 629 167 643 -—-—
198 613 279 650 747
294 623 348 660 sq.
368 607 457 665 R.):
487 612 576 651 leno
609 612 658 651 ad
691 612 943 662 Satyrionem
973 613 1213 662 parasitum:

322 695 463 735 Nonne
496 693 736 734 antestaris?

111 792 152 829 et
179 791 397 841 parasitus:
1489 796 1534 829 10

667 873 802 912 Tuane
834 885 905 924 ego
938 884 1056 912 causa
1087 872 1262 912 carnifex

326 931 521 982 Cuiquam
551 931 713 971 mortali
743 932 867 971 libero
900 944 1015 971 aures
1046 930 1244 970 atteram?
1276 926 1467 985 (1²7ch

231 1027 406 1066 *Aliterz
438 1027 630 1066 antestari
661 1026 764 1066 idest
794 1028 895 1065 teste
925 1027 1004 1074 uti,
1035 1026 1141 1076 quod
1170 1026 1312 1066 iudicii
1343 1038 1464 1065 causa

111 1086 203 1125 uolo
241 1099 402 1124 manum
433 1087 589 1125 inicere.
650 1085 755 1124 Nam
784 1086 882 1125 haec
913 1088 1000 1124 erat
1030 1086 1291 1125 consuetudo:
1335 1086 1463 1135 siquis

111 1144 260 1183 uadato
297 1158 377 1184 non
406 1147 624 1196 paruisset,
661 1147 746 1184 eius
778 1145 1032 1184 aduersarius
1064 1146 1241 1195 aliquem
1272 1144 1319 1184 de
1350 1157 1462 1195 prae·
1490 1152 1534 1185 15

112 1204 288 1244 sentibus
320 1204 615 1253 antestabatur,
650 1204 755 1244 idest
783 1204 976 1256 tangebat
1005 1205 1090 1243 eius
1123 1217 1258 1243 aurem
1289 1207 1330 1243 et
1360 1204 1463 1243 dice-

112 1263 198 1302 bat:
229 1264 372 1303 licetne
402 1267 442 1303 te
474 1262 695 1302 antestari?
750 1264 795 1303 Si
818 1264 1086 1314 respondisset
1108 1264 1195 1302 ille:
1226 1264 1336 1312 licet,
1366 1266 1464 1303 tunc

111 1323 301 1363 iniciebat
336 1323 505 1363 uadatus
542 1336 706 1362 manum
736 1324 778 1361 in
811 1336 918 1373 eum,
959 1324 1030 1373 qui
1059 1335 1139 1363 non
1169 1325 1387 1374 paruisset,
1424 1325 1465 1361 et
1521 1362 1524 1364 .

111 1382 280 1422 ducebat
302 1383 345 1421 in
369 1383 574 1432 iudicium,
605 1382 723 1421 aliter
747 1384 782 1422 si
805 1383 1006 1422 iniecisset
1029 1395 1202 1433 manum,
1226 1383 1464 1421 iniuriarum

111 1444 271 1492 poterat
301 1443 478 1481 accusari
509 1437 688 1495 (P'bfcc
709 1453 810 1481 cons,
835 1442 975 1490 Porph.
1489 1449 1534 1481 20

669 1689 819 1728 SERM.
851 1691 906 1728 10

236 1778 278 1823 1.
335 1782 360 1833 ξ
376 1783 528 1834 Nempe
564 1785 826 1834 incomposito
858 1778 941 1837 (v)]
1002 1783 1110 1822 Idest
1140 1786 1244 1823 certe
1276 1783 1465 1823 confiteor

113 1854 174 1881 me
212 1842 373 1892 dixisse,
411 1842 517 1892 quod
555 1855 713 1894 asperos
751 1846 792 1881 et
821 1855 900 1882 non
932 1844 1170 1894 compositos
1200 1855 1338 1882 uersus
1369 1843 1465 1882 fecit

113 1900 288 1941 Lucilius
320 1896 458 1955 (F'fL
474 1902 555 1949 ῙῙοζ

232 1961 482 2011 *Respondit
511 1962 591 2011 his,
630 1974 654 1999 a
685 1961 826 2011 quibus
859 1961 1041 2010 culpatus
1073 1961 1219 2011 fuerat,
1251 1959 1356 2011 quod
1386 1960 1464 1999 Lu·
1489 1969 1534 2003 25

114 2020 196 2058 cilii
227 2032 362 2059 uersus
394 2020 620 2059 damnasset
649 2021 690 2058 in
722 2023 858 2070 satyra
890 2016 1077 2071 ‘Eupolis
1110 2023 1230 2071 atque
1255 2017 1462 2060 Cratinus'

236 2148 255 2179 1
282 2144 373 2188 quid
399 2154 436 2180 e:
463 2145 520 2191 az]
545 2144 666 2180 Aliter
691 2145 726 2180 V
758 2144 817 2191 {sit
841 2144 1023 2180 antestari
1048 2145 1069 2180 b
1214 2149 1258 2180 13
1284 2145 1464 2181 antestari

115 2190 226 2238 bfcg]
251 2202 317 2227 om.
337 2195 414 2227 cett.
535 2191 651 2238 idest]
675 2203 742 2228 om.
762 2193 792 2235 f,
817 2193 909 2228 absc.
930 2193 951 2227 b
1095 2195 1140 2226 22
1165 2191 1264 2227 idest
1282 2213 1327 2218 —
1347 2192 1465 2239 quod]

110 2237 140 2283 ss
151 2237 203 2273 cit
227 2238 308 2283 ipse
332 2238 493 2274 lucilius.
544 2238 597 2274 Eo
623 2240 723 2284 quod
750 2240 784 2275 V
898 2242 943 2274 25
967 2239 1162 2284 respondit
1187 2239 1288 2286 P‘L]
1311 2251 1464 2285 respon-

116 2283 233 2320 disset
250 2286 274 2329 f
286 2286 487 2331 respondet
504 2287 550 2328 οξ
565 2287 700 2332 Porph.
800 2290 844 2321 26
865 2286 1080 2321 damnasset
1098 2286 1200 2333 rLc]
1226 2286 1429 2322 dannasset
1447 2290 1468 2329 ζ

117 2331 360 2377 dampnasset
383 2337 459 2369 cett.
559 2334 686 2378 satyra
711 2333 867 2379 ercg]
894 2333 1010 2368 satira
1036 2347 1056 2379 y
1083 2335 1210 2369 satura
1233 2335 1258 2378 f
