1638 2528
644 97 790 134 EPIST.
812 97 847 133 11
866 102 886 134 1
1349 97 1438 140 293

211 205 319 252 193.
374 207 661 263 <Corinthes>]
720 210 800 250 Aes
833 209 1081 249 Corinthium
1113 209 1328 262 significat,
1369 211 1440 249 aut

91 271 279 320 quoniam
320 272 549 321 praetextae
587 271 822 321 argumenta
856 268 1005 308 habent
1041 270 1090 308 de
1127 271 1328 309 euersione
1366 269 1439 309 Go-

89 329 212 368 rinthi
246 324 393 382 (Pabf
401 330 438 368 V

207 384 521 441 *<Corinthos>]
580 387 683 438 Opes
716 388 897 427 Corinthi
925 382 1038 441 (I'ocb

212 442 322 488 194.
371 448 622 487 Democritus
652 447 909 498 philosophus
941 447 1091 497 omnia,
1132 459 1232 496 quae
1262 447 1440 485 homines
1490 453 1512 486 5

92 507 284 556 facerent,
329 508 475 558 quippe
517 508 718 556 morituri,
761 507 888 546 ridere
932 509 1200 546 consueuerat.
1274 506 1442 556 Propter

93 566 200 616 quod
229 566 385 617 publice
417 580 506 606 cum
537 579 582 606 eo
613 566 850 605 iniuriarum
881 567 1014 605 actum
1045 568 1105 605 est
1136 560 1220 619 (Γα
1230 566 1251 604 b
1258 567 1284 614 f
1291 566 1329 605 V

91 680 136 736 [d
210 623 431 736 3<Rideret
479 621 777 677 Democritus>]
860 625 1062 664 quenalis
1112 619 1208 678 (10,
1253 625 1320 663 33.
1366 619 1441 678 34)

137 685 209 724 icit
242 699 251 724 :

270 767 467 818 Perpetuo
498 768 580 806 risu
611 769 838 818 pulmonem
871 769 1023 819 agitare
1055 766 1210 806 solebat
1467 773 1512 805 10

268 827 518 866 Democritus
550 822 591 881 (r
610 828 667 865 bis

213 916 323 961 195.
355 918 586 973 *<00nfusa
606 952 613 960 .
636 953 642 959 .
662 951 673 960 .
693 921 888 972 panthera
908 917 1105 972 camelo>]
1140 920 1254 959 Vnde
1275 921 1441 959 camelo-

90 980 279 1030 pardalus
313 975 395 1034 (Pb

210 1038 316 1078 Ordo
355 1036 434 1092 [est
463 1036 712 1092 uerborum]:
761 1041 795 1078 si
826 1040 930 1078 foret
959 1039 1208 1078 Democritus
1240 1039 1283 1076 in
1313 1039 1442 1088 terris,

90 1098 248 1147 rideret,
273 1111 340 1137 seu
366 1101 612 1138 conuerteret
637 1112 707 1138 ora
730 1099 844 1150 uulgi
867 1099 1063 1149 panthera
1087 1099 1250 1137 confusa
1274 1097 1436 1147 camelo,
1463 1104 1507 1136 15

91 1158 291 1196 diuersum
321 1170 459 1209 genus,
489 1158 572 1196 siue
603 1160 849 1208 conuerteret
879 1171 950 1196 ora
978 1158 1094 1209 uulgi
1125 1157 1238 1196 albus
1264 1157 1436 1206 elephas,

91 1218 132 1255 et
162 1219 358 1266 spectaret
384 1218 468 1267 ipse
491 1217 739 1256 Democritus
764 1218 956 1268 populum
982 1217 1173 1256 attentius
1198 1218 1296 1266 ipsis
1321 1216 1440 1265 ludis,

90 1275 194 1315 idest
241 1276 329 1326 plus
378 1289 498 1327 quam
546 1278 652 1327 ipsos
701 1277 834 1326 ludos,
882 1278 1023 1327 utpote
1065 1276 1320 1326 praebentem
1362 1276 1440 1315 sibi

92 1335 317 1385 spectacula
354 1336 472 1385 plura
502 1337 623 1375 mimo
655 1336 799 1386 aliquo.
863 1335 1082 1386 Scriptores
1114 1337 1247 1373 autem
1278 1337 1440 1385 putaret

91 1407 252 1433 narrare
289 1394 465 1433 fabulam
502 1395 620 1434 surdo
658 1396 790 1436 asello.
852 1395 906 1433 Et
936 1397 996 1433 est
1027 1407 1178 1434 sensus:
1219 1395 1254 1434 si
1285 1394 1440 1433 adforet
1465 1401 1512 1433 20

91 1453 340 1492 Democritus
376 1466 577 1503 praesens,
615 1455 708 1493 dum
744 1455 914 1504 populus
952 1456 1129 1492 carmina
1159 1455 1438 1504 contempnens

91 1513 196 1552 ludis
220 1513 403 1562 intendit,
427 1515 522 1552 tunc
546 1514 694 1552 rideret
718 1526 797 1552 non
821 1515 905 1551 tam
930 1514 1034 1552 ludis
1054 1514 1218 1551 scenicis
1244 1513 1442 1551 delectans

94 1584 215 1620 quam
239 1572 362 1621 ipsius
387 1573 527 1622 populi
551 1574 744 1621 uanitate,
769 1574 810 1610 in
837 1585 916 1622 qua
941 1574 1050 1611 omni
1074 1572 1194 1610 mimo
1221 1573 1260 1610 et
1280 1572 1441 1610 suauius

94 1633 135 1668 et
170 1632 297 1668 maius
335 1632 603 1679 spectaculum
633 1633 833 1681 reperiret.
894 1631 1094 1670 Panthera
1126 1633 1258 1669 autem
1290 1631 1443 1679 dispari

94 1701 187 1727 sexu
229 1691 458 1738 procreatur
501 1703 545 1728 ex
588 1690 781 1739 panthera
826 1692 865 1728 et
902 1690 1051 1728 camelo
1090 1685 1207 1743 (cons.
1233 1684 1295 1742 f),
1338 1690 1441 1728 sicut
1466 1695 1511 1727 25

93 1748 304 1797 leopardus
336 1761 381 1786 ex
411 1749 536 1798 parda
567 1751 607 1787 et
636 1749 759 1797 leone,
792 1748 895 1798 quod
920 1750 1211 1787 monstruosum
1236 1750 1306 1796 est,
1337 1749 1440 1786 sicut

95 1808 136 1845 et
178 1807 425 1856 elephantem
470 1807 602 1846 album
644 1808 796 1856 uidere,
840 1820 928 1846 cum
964 1807 1202 1846 naturaliter
1238 1808 1351 1858 niger
1387 1807 1441 1847 sit

96 1861 153 1918 (Γ
166 1881 191 1903 α
213 1866 247 1903 V

214 1920 321 1964 202.
354 1923 529 1975 Quando,
560 1926 703 1975 inquit,
733 1937 847 1964 uoces
872 1926 984 1977 uulgi
1009 1927 1175 1964 uincunt
1200 1937 1314 1963 uoces
1339 1925 1437 1964 reci-

214 2064 234 2095 2
260 2060 437 2105 quoniam
463 2061 545 2104 abs
554 2061 604 2107 V]
630 2061 693 2105 qui
719 2072 740 2096 r
758 2071 824 2097 om.
846 2074 884 2106 γ,
909 2061 986 2096 uid.
1013 2060 1319 2096 studVindobo‘n.
1348 2063 1438 2095 1901

91 2118 129 2152 p.
153 2111 219 2142 118
340 2108 546 2154 euersione]
573 2108 812 2143 conuersione
838 2108 900 2143 bV
1022 2112 1041 2142 7
1067 2107 1234 2154 publice]
1259 2118 1326 2144 om.
1347 2107 1400 2152 bf

98 2157 119 2188 9
144 2154 252 2201 dicit]
278 2165 344 2191 om
364 2167 385 2191 r
403 2156 465 2190 alt.
486 2156 562 2191 loco
660 2159 702 2190 14
729 2157 786 2190 est
809 2155 1007 2190 uerborum
1033 2155 1103 2201 γα]
1128 2155 1326 2190 uerborum
1345 2156 1403 2191 est
1420 2166 1441 2190 r

97 2211 162 2236 om.
183 2201 218 2236 V
381 2206 424 2237 16
451 2202 530 2237 siue
556 2216 608 2248 γα
624 2203 672 2249 V]
701 2213 765 2237 seu
790 2214 809 2237 r
976 2201 1138 2248 elefasy
1164 2201 1342 2246 elephans
1367 2215 1392 2237 α

101 2251 143 2282 19
169 2247 277 2293 plura
300 2249 335 2295 r]
360 2248 567 2295 plurimay
546 2216 642 2284 yaV
734 2249 863 2295 mimo]
889 2249 1002 2284 nimio
1028 2263 1052 2284 α
1165 2251 1210 2283 20
1235 2248 1382 2284 adforet
1401 2249 1438 2295 y]

98 2293 231 2330 afforet
253 2298 349 2332 ναῖ’*
510 2300 553 2331 22
578 2296 678 2332 ludis
703 2309 754 2332 ra
774 2297 926 2343 Porph]
951 2296 1088 2331 lalibus
1117 2297 1150 2333 V
1167 2296 1345 2331 laudibus
1370 2310 1391 2342 y

100 2344 144 2376 29
169 2342 392 2378 recitantum
419 2344 470 2390 V]
495 2344 733 2379 recitantium
760 2358 780 2389 y
