1620 2524
87 106 156 141 XII
625 103 899 139 PRAEFATIO

86 218 241 256 familia
260 217 340 265 ορζ
362 217 683 254 commentatoris
705 216 767 254 sui
784 217 997 254 maximam
1016 218 1170 266 partem
1188 217 1440 266 prompsisse,

89 277 276 325 quoniam
306 274 526 318 illiusmodi
555 274 649 312 libri
674 274 968 324 Porphyrionis,
998 275 1069 313 111*
1099 275 1266 314 Acronis
1297 288 1440 314 nomen

87 347 182 384 prae
220 347 261 373 se
297 333 399 372 ferre
436 334 574 372 solent.
634 333 718 371 Nec
754 335 884 372 minus
921 333 1085 371 deerant
1118 333 1290 383 Cruquio
1327 334 1439 373 codd.

87 392 157 433 Αν
167 393 216 431 V:
259 405 353 430 nam
391 393 433 430 in
470 393 692 430 carminum
727 391 828 429 libro
865 394 1026 441 quarto,
1069 393 1223 441 epodis,
1266 395 1439 431 carmine

88 452 293 500 saeculari,
323 451 394 489 ubi
417 451 536 489 schol.
561 452 600 488 Γ
619 452 778 488 0111111110
804 450 991 489 differunt
1015 451 1064 489 ab
1089 451 1160 489 Av
1170 452 1213 499 V,
1244 464 1439 490 commen-

86 512 195 548 tator
234 509 398 559 Oruquii
433 510 534 555 nihil
571 509 681 547 aliud
716 509 881 559 praebet
915 511 995 548 nisi
1030 510 1148 548 schol.
1180 511 1223 547 Γ.
1290 510 1438 559 Appel-

87 569 278 607 lationem
317 565 667 607 ‘commentatoris'
701 580 747 605 ex
784 568 902 607 schol.
928 567 954 617 ἓ
979 581 1014 606 a.
1039 582 1078 618 p.
1107 570 1191 607 120
1228 571 1439 618 sumpsisse

88 628 187 665 mihi
217 627 391 674 uidetur3
424 627 625 665 codicibus
655 639 748 665 usus
774 628 833 665 est
857 627 1095 670 scholiorum
1120 628 1159 664 Γ
1181 627 1438 665 adauctorum

89 687 247 725 scholiis
279 688 332 735 λφ
340 685 397 733 **,
428 685 564 735 qualia
593 686 784 724 habemus
814 686 855 723 in
888 685 1087 724 codicibus
1117 687 1242 735 ipsius
1274 685 1440 735 Cruquii

88 746 243 794 patriae
273 745 445 794 propriis
476 744 597 792 fz***
629 746 668 782 et
699 744 950 793 aliquatenus
979 746 1023 782 in
1054 745 1105 782 D.
1161 744 1309 790 Quodsi
1342 757 1439 783 non·

87 804 199 842 nulla
225 803 564 853 deprehendimus,
589 815 690 852 quae
715 803 1027 853 Porphyrionem
1052 804 1224 852 sapiunt,
1249 803 1323 841 hoc
1347 803 1438 842 inde

89 862 277 912 explicari
313 862 425 910 licet,
461 862 565 910 quod
602 862 721 900 schol.
754 864 813 910 λῳ
847 863 1030 911 inprimis
1061 862 1111 900 ad
1141 861 1441 911 Porphyrionea

88 922 240 959 scholia
269 921 474 958 referenda
504 922 606 959 sunt.
661 920 827 959 Accedit
856 921 961 969 quod
994 920 1210 969 Cruquium
1240 922 1362 959 etiam
1393 933 1439 958 ex

89 980 195 1018 edito
220 979 491 1029 Porphyrione
523 979 798 1017 adnotationes
829 980 984 1028 aliquot
1008 981 1219 1028 sumpsisse
1243 979 1440 1018 uideatur.

90 1037 194 1083 Quin
231 1039 353 1076 etiam
390 1051 436 1076 ex
472 1039 735 1076 recentiorum
772 1038 967 1076 editorum
1005 1039 1296 1076 commentariis
1332 1038 1439 1076 haud

87 1109 217 1146 pauca
246 1098 290 1134 in
321 1093 701 1135 ‘commentatorem’
728 1109 843 1135 suum
866 1096 1074 1135 inserebat.
1124 1097 1439 1136 Adnotationum

90 1157 194 1193 enim
236 1156 495 1206 farraginem,
539 1167 659 1204 quam
701 1168 747 1193 ex
789 1155 987 1193 codicibus
1027 1157 1305 1205 manuscriptis
1349 1168 1438 1193 0011-

89 1215 275 1264 gesserat,
305 1213 363 1252 ita
394 1214 597 1262 tractauit,
627 1215 674 1251 ut
703 1227 782 1252 non
807 1214 934 1252 solum
962 1213 1171 1252 uerborum
1197 1214 1375 1252 ordinem
1400 1216 1444 1251 et

90 1273 440 1320 constructionem,
484 1272 551 1310 sed
594 1274 715 1311 etiam
757 1272 879 1311 uerba
921 1274 1008 1322 ipsa
1049 1275 1088 1310 et
1124 1272 1280 1311 dicendi
1317 1284 1438 1323 genus

89 1332 318 1381 saepissime
354 1333 528 1369 mutaret
563 1332 867 1380 innumerasque
898 1331 1190 1369 emendationes
1221 1344 1292 1379 per
1322 1331 1439 1368 silen-

88 1391 191 1428 tium
220 1391 424 1438 reciperet,
454 1389 690 1438 ubicumque
720 1389 763 1427 id
794 1392 863 1427 aut
893 1401 1028 1428 sensus
1059 1391 1129 1427 aut
1153 1402 1280 1427 sermo
1304 1392 1439 1439 postu·

90 1449 173 1487 lare
208 1448 420 1486 uideretur.
481 1448 570 1486 Etsi
606 1460 684 1486 non
717 1460 867 1496 omnes,
904 1450 1038 1486 tamen
1068 1449 1261 1497 plurimas
1292 1449 1439 1486 formas

91 1509 130 1545 et
161 1508 470 1545 constructiones
502 1508 634 1554 eiecit,
666 1519 766 1556 quae
798 1519 822 1544 a
851 1508 1031 1544 ueterum
1061 1519 1134 1544 usu
1163 1506 1440 1554 abhorrebant,

91 1578 303 1614 earumque
334 1565 420 1603 loco
453 1566 552 1603 alias
581 1566 853 1614 interpolauit,
885 1578 984 1613 quae
1016 1577 1104 1602 cum
1137 1564 1335 1603 Ciceronis
1360 1577 1438 1602 ser-

90 1637 205 1662 mone
248 1636 326 1662 non
371 1627 568 1675 pugnant3
617 1625 818 1662 sexcentas
861 1624 1116 1671 elocutiones,
1166 1636 1266 1672 quae
1308 1625 1440 1661 miuus

91 1683 289 1734 elegantes
313 1682 561 1730 uidebantur,
587 1682 892 1732 elegantioribus
918 1681 1052 1720 cedere
1074 1684 1213 1732 coegit.
1252 1681 1439 1720 Vbicum-

93 1754 166 1790 que
215 1741 576 1790 manuscriptorum
625 1741 863 1779 scholiorum
910 1742 1062 1778 textum
1105 1743 1330 1790 corruptum
1375 1741 1438 1778 uel

91 1800 277 1837 mutilum
302 1813 384 1839 esse
409 1799 589 1848 putabat,
615 1811 742 1838 meras
768 1800 1012 1838 coniecturas
1039 1800 1122 1836 sine
1147 1800 1229 1836 ullo
1255 1799 1437 1846 scrupulo

90 1859 133 1895 in
163 1860 317 1896 textum
347 1858 565 1896 inculcauit
595 1870 665 1896 nec
696 1871 885 1907 umquam
916 1870 962 1895 ea
993 1857 1113 1895 uerba
1138 1859 1180 1895 in
1204 1859 1300 1906 ipsis
1326 1856 1439 1894 libris

91 1928 168 1955 non
201 1917 281 1966 legi
311 1917 466 1954 monuit
495 1917 691 1954 lectorem.

211 1973 383 2012 Subinde
409 1987 487 2013 non
512 1975 639 2013 solum
663 1986 942 2023 superuacuae,
967 1974 1035 2012 sed
1060 1975 1181 2012 etiam
1202 1973 1437 2011 falsissimae

92 2035 302 2071 occurrunt
345 2032 655 2080 emendationes,
697 2035 743 2070 ut
785 2045 819 2070 a.
857 2046 895 2081 p.
944 2034 1016 2070 59:
1055 2029 1279 2070 ‘Praesente
1323 2027 1436 2081 nota]

91 2091 315 2130 Praesentis
352 2092 542 2140 temporis
580 2091 816 2129 charactere.
878 2091 1022 2129 Tracta
1059 2090 1287 2139 metaphora
1324 2092 1382 2127 est
1414 2101 1438 2126 a

210 2191 226 2208 *
252 2190 303 2224 Vt
322 2193 378 2235 Ρζ
404 2191 505 2226 Ferr.
534 2191 636 2226 Flor.

191 2237 227 2255 *⁸
251 2237 353 2272 Haec
385 2237 527 2272 scholia
558 2237 775 2282 propediem
808 2237 916 2272 edere
947 2236 1019 2270 sibi
1045 2236 1238 2280 proposuit
1263 2235 1438 2269 Alfi-edus

91 2283 232 2318 Holder
257 2283 504 2318 amicissimus

172 2330 225 2348 ***
251 2329 337 2365 Cod.
364 2331 387 2372 f
406 2341 503 2364 nunc
530 2330 831 2365 Leeuwardensis
858 2331 926 2373 est,
950 2341 969 2364 z
994 2329 1185 2365 Leidensis
