1632 2512
692 87 833 124 SERM.
847 88 865 123 Ι
878 91 899 123 3
1411 86 1470 129 49

238 201 352 248 *Quo
403 196 479 255 (vc
492 196 549 255 ζ)]
618 200 840 251 Quomod03
894 201 968 239 hoc
1017 201 1302 252 interrogatiue
1350 201 1470 249 poeta

140 264 179 300 Γ
184 259 196 273 ’
227 263 284 300 rb
297 263 352 310 fv
385 273 405 300 c
417 262 439 308 ζ

121 257 139 315 <
209 256 371 360 (129.)
399 320 456 359 Vt
487 321 668 370 quamuis
698 320 806 358 tacet
837 313 919 372 (v)]
980 318 1099 358 Redit
1130 319 1181 357 ad
1209 318 1470 368 principium3

121 393 215 419 nam
245 380 292 419 de
324 380 549 418 cantoribus
580 380 764 429 coeperat
795 373 942 431 (I‘bV

243 434 352 479 130.
401 437 427 488 ξ
441 438 598 477 Vrbane
637 438 733 477 satis
770 438 957 476 Alfenum
987 437 1139 476 Varum
1171 436 1470 476 Cremonensem
1519 442 1541 474 5

121 499 289 548 deridet,
340 499 410 548 qui
452 498 605 537 abiecta
647 499 802 536 ustrina
846 491 933 550 (leq.
973 497 1127 536 sutrina
1169 508 1256 535 cum
1297 490 1470 550 Pomm),

121 571 242 608 quam
283 559 325 596 in
368 558 584 607 municipio
628 569 698 596 suo
742 557 985 606 exercuerat,
1027 556 1196 595 Romam
1239 557 1351 594 uenit
1386 567 1470 594 ma-

121 619 323 669 gistroque
354 628 448 656 usus
479 617 655 666 Sulpicio
686 616 965 655 iurisconsulto
996 616 1059 654 ad,
1077 617 1233 654 tantam
1263 615 1471 654 scientiam

120 678 314 726 peruenit,
345 678 390 714 ut
420 678 461 714 et
492 677 740 715 consulatum
771 676 925 726 gereret
949 676 990 714 et
1013 675 1172 724 publico
1199 675 1335 713 funere
1362 674 1471 712 effer-

121 737 231 775 retur
262 730 451 788 (F‘chg
474 747 518 774 ex
542 736 683 784 Porph.
1497 740 1542 772 10

239 795 423 844 Alfenus,
460 796 606 833 sutoris
643 794 765 842 filius,
803 795 872 843 qui
902 795 962 832 ita
992 794 1090 832 iuris
1122 792 1254 831 studio
1284 792 1471 842 intendit,

121 856 168 893 ut
196 854 383 893 beneficio
415 854 513 892 artis
543 854 660 891 huius
691 854 819 892 latum
850 854 1020 891 sumeret
1050 853 1209 891 clauum
1240 853 1280 890 et
1305 851 1356 890 ad
1381 864 1471 891 con-

123 914 295 952 sularem
345 915 596 964 consurgeret
645 913 891 963 dignitatem.
967 911 1068 950 Sunt
1118 912 1187 961 qui
1236 911 1371 950 dicant
1411 905 1474 964 (ut

123 968 283 1026 Porph.)
316 974 419 1011 hunc
453 971 753 1010 Cremonensem
783 972 905 1010 fuisse
937 965 1081 1024 (P‘bV

243 1026 351 1070 133.
402 1030 506 1080 §Sic
536 1044 603 1070 rex
635 1026 716 1084 (v)]
772 1030 906 1080 Vsque
937 1030 1035 1069 adeo
1066 1043 1145 1068 non
1177 1041 1217 1068 es
1248 1042 1327 1077 rex,
1359 1031 1406 1068 ut
1437 1030 1472 1068 si
1498 1036 1542 1068 15

124 1091 175 1129 ad
210 1091 432 1129 uellendam
468 1090 632 1129 barbam
662 1092 774 1128 tuam
803 1091 986 1128 uenerint
1015 1090 1146 1139 pueri,
1184 1102 1263 1128 non
1294 1089 1372 1127 nisi
1401 1088 1470 1127 ba-

124 1150 212 1189 culo
243 1149 454 1188 uindiceris
486 1144 678 1203 (P'chg
699 1150 747 1197 cf.
775 1150 914 1197 Porph.

244 1203 350 1248 134.
400 1208 599 1258 §Lasciui
627 1222 664 1259 p.
693 1202 773 1262 (ν)]
834 1208 918 1247 Aut
947 1204 1220 1258 Epicur<e>os
1252 1207 1369 1256 dicit,
1402 1208 1472 1256 qui

123 1269 238 1307 aiunt
268 1281 464 1307 summum
494 1268 642 1307 bonum
672 1267 714 1306 in
744 1268 952 1317 uoluptate
984 1268 1176 1317 positum,
1218 1268 1289 1305 aut
1319 1267 1471 1316 simpli-

124 1329 223 1366 citer
253 1328 422 1367 lasciuos
452 1339 594 1377 pueros
626 1327 727 1365 dixit
759 1321 827 1380 (P‘
835 1327 856 1364 b
867 1327 947 1373 Vc?
1496 1332 1542 1364 20

245 1381 351 1426 137.
397 1385 542 1436 §Dum
571 1388 616 1424 tu
649 1399 684 1436 q.
710 1387 736 1424 1.
760 1399 791 1424 r.
818 1388 842 1424 i.
870 1381 946 1439 (c)]
1001 1385 1076 1424 Per
1106 1386 1330 1424 irrisionem
1356 1384 1470 1423 dicit:

123 1446 217 1484 dum
246 1448 303 1495 tu,
334 1459 413 1494 rex,
445 1446 664 1495 quadrante
694 1446 874 1484 lanatum
904 1445 992 1493 ibis,
1025 1443 1130 1494 quod
1159 1457 1228 1483 rex
1252 1457 1331 1482 non
1356 1444 1472 1492 facit3

125 1508 165 1544 et
200 1507 259 1544 est
295 1518 429 1544 sensus
465 1507 558 1544 iste:
608 1504 936 1554 quemadmodum
973 1516 1052 1542 non
1088 1506 1201 1553 potes
1238 1503 1406 1553 probare
1430 1505 1471 1541 te

122 1577 255 1615 regem
298 1577 397 1612 esse,
440 1564 499 1602 ita
540 1576 620 1602 non
661 1566 773 1613 potes
815 1563 982 1613 probare
1021 1564 1135 1613 paria
1172 1574 1255 1602 esse
1291 1564 1471 1612 peccata,

124 1636 216 1661 nam
254 1636 331 1673 qua
368 1625 522 1662 ratione
557 1636 623 1661 rex
663 1635 720 1671 es,
762 1624 830 1672 qui
861 1635 1021 1660 nummo
1053 1622 1146 1660 dato
1178 1622 1290 1660 lauas
1323 1623 1362 1660 et
1392 1634 1470 1659 uno
1497 1627 1542 1660 25

125 1683 267 1720 comite
303 1683 435 1733 pergis
470 1682 520 1720 ad
550 1680 763 1720 balneum?
824 1682 923 1719 Mihi
954 1683 1087 1720 autem
1116 1681 1322 1732 ignoscent
1354 1681 1472 1719 amici

125 1742 220 1790 mei,
257 1741 387 1790 siquid
423 1753 655 1790 peccauero‚
693 1742 732 1778 et
769 1753 841 1791 ego
872 1741 964 1778 illis.
1031 1739 1106 1778 Per
1135 1741 1345 1788 utramque
1378 1751 1471 1790 ergo

125 1802 279 1849 paitem
304 1801 446 1839 nititur
465 1799 653 1838 Horatius
677 1799 844 1848 probare
869 1811 994 1848 neque
1015 1811 1148 1850 regem
1174 1810 1256 1837 esse
1283 1797 1471 1846 Stoicum,

125 1872 250 1908 neque
281 1861 395 1909 paria
427 1872 507 1898 esse
539 1859 700 1908 delicta3
733 1858 895 1897 dicendo
927 1871 1095 1907 namque
1128 1854 1238 1895 ‘dum
1268 1859 1314 1896 tu
1338 1858 1471 1908 pergis

243 2009 263 2041 5
290 2006 400 2042 aliter
423 2007 565 2042 urbane
590 2020 612 2042 ν
727 2010 747 2041 6
772 2006 931 2052 ustrina]
958 2005 1145 2041 tonstrina
1170 2005 1317 2040 ‘Acron
1341 2016 1470 2040 manu-

124 2054 279 2098 scriptus
303 2055 422 2100 reyiae
446 2054 644 2090 societatis’
672 2054 774 2099 apud
800 2054 1006 2089 Bentleium
1103 2056 1121 2087 7
1149 2062 1262 2097 quam
1287 2053 1345 2099 οξ]
1371 2052 1471 2098 quod

126 2104 200 2135 cett.
311 2104 331 2135 9
358 2100 509 2148 puplico
535 2101 556 2136 b
580 2100 759 2146 pubplico
785 2112 804 2135 r
908 2104 950 2135 12
975 2100 1094 2135 latum
1120 2099 1170 2135 νὺ
1211 2099 1330 2134 latam
1357 2100 1430 2135 FV

127 2146 273 2182 clauam
300 2147 345 2183 Γ’
373 2148 518 2183 clauem
545 2149 586 2192 V,
611 2149 754 2184 absciss.
775 2149 796 2183 b
936 2152 978 2182 15
1005 2148 1062 2182 est
1085 2147 1151 2182 cod
1180 2176 1186 2183 .
1214 2157 1253 2182 es
1279 2147 1412 2192 Porph.
1439 2149 1473 2181 et

126 2195 207 2229 edit.
307 2199 349 2230 16
374 2195 562 2242 uenerint]
587 2195 745 2230 ueniunt
769 2199 814 2237 οξ
907 2194 996 2241 11011]
1023 2205 1089 2230 om.
1106 2197 1151 2236 εξ
1247 2196 1290 2229 18
1316 2195 1382 2229 aut
1407 2205 1470 2239 ep:

129 2261 172 2266 —
191 2241 312 2289 aiunt]
339 2244 405 2278 aut
429 2243 518 2288 quia
544 2244 624 2287 (om.
652 2243 701 2288 V)
727 2242 870 2288 epicuri
896 2242 1026 2277 dicunt
1052 2242 1127 2283 ch‘
1244 2241 1338 2276 dicit
1362 2241 1470 2276 Hau-

128 2287 217 2334 thal]
244 2289 374 2325 dicunt
397 2290 497 2325 codd.
637 2293 680 2324 21
707 2290 801 2325 dicit
829 2288 968 2335 F'beg]
995 2288 1090 2323 dixit
1118 2289 1152 2324 V
1279 2292 1322 2323 25
1348 2288 1470 2334 lanas]

127 2333 232 2370 lanas
257 2337 295 2371 te
319 2340 364 2379 οζ
385 2336 490 2372 lauat
514 2348 534 2371 r
629 2341 673 2372 28
699 2337 871 2383 probare]
899 2336 1056 2382 probate
1081 2337 1101 2371 b
1120 2346 1186 2371 om.
1207 2338 1256 2380 γζ

119 2413 123 2418 =
200 2400 439 2428 Psnviucnonxs
460 2409 596 2428 scuonu
615 2409 650 2428 m
668 2402 854 2428 Bona-nvn.
890 2402 930 2427 11
1238 2398 1258 2428 4
