1638 2528
195 73 277 116 122
627 72 790 110 SCHOL.
804 72 852 110 P‘
862 74 896 110 V
909 73 963 108 IN
986 73 1099 110 HOR.

307 179 384 225 49.
434 185 608 224 =“Turius
650 185 811 235 quidam
854 186 1171 236 corruptissimus
1206 186 1323 225 iudex
1359 186 1425 225 hic
1461 187 1533 235 est,

190 246 254 283 cui
277 241 565 296 <H>ortensius
595 246 758 294 propter
781 245 946 283 fratrem
967 245 1185 283 Varronem
1209 247 1360 284 ceratas
1385 245 1534 284 diuersi

189 304 333 359 coloris,
367 300 534 342 tabellas
569 303 678 342 dedit
709 298 772 356 (ex
796 299 967 357 Por-ph).
1027 303 1175 342 Aliter:
1218 304 1382 343 Turium
1412 304 1531 342 Mari-

189 376 284 401 num
313 362 483 401 iudicem
514 362 722 414 significat,
753 363 823 412 qui
852 364 1014 414 accepta
1037 364 1205 412 pecunia
1229 363 1441 402 secundum
1466 375 1531 402 eos

142 431 164 464 5
188 422 444 472 pronuntiare
474 422 529 461 sit
558 421 715 470 solitus,
752 423 822 471 qui
851 421 969 460 fidem
998 435 1111 461 suam
1140 423 1395 472 corruperint.
1455 421 1531 461 Hic

190 493 344 530 quoque
375 483 551 530 tempore
581 481 717 519 Verris
747 493 836 520 reus
867 483 953 519 erat
983 483 1024 520 et
1053 483 1100 520 ut
1129 482 1266 530 sciret,
1298 481 1367 531 qui
1396 494 1531 521 secun-

189 539 283 578 dum
319 540 565 578 uoluntatem
602 551 713 578 suam
749 540 979 588 iudicasset,
1016 541 1111 590 quia
1146 540 1307 579 nomina
1342 552 1414 579 sua
1443 552 1531 579 cen-

188 599 355 637 tumuiri
378 611 458 637 non
483 598 670 648 adiciunt,
699 598 845 638 diuersi
870 599 1011 638 coloris
1035 599 1192 638 tabulas
1216 599 1344 638 fertur
1368 598 1530 639 dedisse.

185 657 334 698 Aliter:
375 658 531 706 Turius,
562 659 632 707 qui
661 657 814 697 solebat
842 657 1029 706 iudicare,
1058 658 1132 697 hoc
1163 658 1277 697 dicit:
1314 659 1349 697 si
1378 671 1440 696 me
1471 659 1531 696 iu-

120 727 164 759 10
189 717 344 755 dicante
394 717 444 755 ad
491 716 682 756 iudicium
729 718 884 756 uenerit
930 718 1114 756 inimicus
1162 730 1290 765 meus,
1344 717 1530 767 dampna-

187 776 295 815 bitur
326 770 401 828 (P'

306 842 382 887 50.
438 846 464 896 ἓ
477 846 534 885 Vt
576 860 653 897 quo
686 838 823 900 (νοζ)]ν
878 846 986 886 Idest
1028 847 1222 896 quomodo
1263 848 1531 897 unusquisque

187 906 260 944 hac
290 919 332 944 re
363 908 511 945 terreat
541 905 719 945 inimicos
751 917 852 954 suos,
883 907 925 943 in
953 918 1031 955 qua
1054 919 1096 944 re
1121 906 1241 954 ualet,
1272 908 1312 944 et
1336 906 1530 956 quomodo

186 965 260 1003 hoc
289 965 456 1015 imperet
486 967 641 1014 natura,
671 977 859 1015 cognosce
891 959 992 1017 (ΓΤ
1000 965 1080 1012 Ῡοζ

118 1046 161 1078 15
307 1031 382 1075 52.
416 1030 493 1075 53.
542 1036 654 1074 Intus
686 1031 809 1088 (inter
835 1032 892 1088 V)
924 1037 1187 1074 monstratum
1212 1030 1348 1089 ,(vV)]
1403 1036 1476 1074 Est
1506 1048 1530 1074 a

187 1095 360 1133 naturali
391 1107 506 1133 sensu
537 1095 764 1134 institutum
796 1089 896 1146 (ΓὙΙ
904 1094 941 1133 V

306 1160 383 1205 53.
429 1160 506 1205 54.
562 1164 713 1214 §Vnde
754 1166 833 1203 nisi
874 1165 981 1204 intus
1026 1159 1102 1218 (ζ)]
1164 1164 1346 1204 Ostendit
1387 1166 1531 1203 natura

187 1237 505 1294 unumquemque
549 1237 594 1262 ea
635 1224 779 1262 minari
819 1224 1006 1272 inimicis,
1050 1236 1150 1273 quae
1186 1224 1311 1273 possit
1346 1223 1530 1273 perficere

116 1352 162 1385 20
188 1278 245 1336 (P
283 1283 494 1390 Vggcaeua
520 1342 680 1391 quidam
704 1342 926 1380 luxuriosus
952 1341 1155 1380 dicebatur
1179 1341 1300 1380 fuisse
1325 1343 1365 1380 et
1382 1353 1528 1391 pronus

187 1401 236 1439 ad
281 1403 385 1440 artes
428 1402 613 1451 magicas.
674 1401 713 1439 Is
755 1400 898 1439 habuit
939 1402 1107 1438 matrem
1150 1413 1285 1449 anum,
1331 1412 1430 1450 quae
1471 1402 1530 1439 est

187 1462 295 1499 aetas
326 1460 535 1499 luxuriosis
566 1459 733 1498 molesta
764 1454 906 1512 (F'fE
918 1459 999 1506 ch

305 1529 462 1580 §Crede
483 1525 525 1584 (ν
533 1525 591 1584 ζ)]
640 1529 852 1569 Committe
876 1531 968 1568 huic
991 1531 1172 1568 uiuacem
1196 1531 1362 1568 matrem
1388 1532 1428 1568 et
1451 1541 1529 1568 non

187 1590 307 1629 faciet
338 1589 490 1639 aliquid
520 1591 599 1628 ista
629 1589 800 1638 dextera,
831 1589 898 1628 sed
928 1601 1080 1627 ueneno
1108 1590 1242 1627 utetur
1265 1589 1333 1639 pia
1358 1588 1529 1638 dextera,

117 1658 161 1690 25
187 1649 290 1688 idest
320 1662 398 1687 non
430 1662 517 1687 eam
547 1650 715 1699 perimet
745 1648 879 1699 gladio
911 1643 1100 1699 (1⁷7ch

306 1714 383 1759 54.
439 1718 623 1768 §Mirum
654 1714 788 1772 (νοζ)]
848 1719 957 1757 Idest
986 1719 1155 1767 miraris,
1187 1719 1282 1768 quia
1312 1718 1410 1756 dixi:
1450 1730 1528 1756 non

306 1847 323 1878 1
351 1847 461 1879 totum
486 1843 592 1879 schol.
613 1843 656 1878 de
674 1842 787 1878 Turio
804 1847 1006 1888 suspectum
1023 1843 1128 1878 habet
1147 1842 1269 1889 Pauly
1365 1846 1385 1877 2
1405 1843 1528 1876 orten-

187 1890 263 1925 sius
289 1904 340 1935 yv
366 1890 553 1926 arcensius
578 1902 598 1925 r
723 1893 743 1924 6
768 1900 853 1925 reus
878 1890 994 1925 uerris
1019 1889 1119 1925 codd.
1144 1889 1262 1924 uerris
1285 1899 1370 1924 reus
1394 1889 1477 1923 edit.

187 1941 207 1971 8
234 1937 373 1973 diuersi
392 1958 438 1963 -
457 1937 603 1973 dedisse
628 1941 712 1972 ante
737 1938 775 1972 et
797 1938 841 1972 ut
859 1948 946 1982 pon.
967 1937 1081 1979 codd„
1105 1937 1175 1972 huc
1192 1936 1417 1981 transposuit
1428 1935 1477 1970 K.

186 1983 335 2019 tabulas
348 1986 382 2018 Γ
390 1988 423 2019 et
435 1984 588 2030 Por-ph]
601 1983 759 2019 tabellas
774 1997 795 2019 ν
893 1987 936 2018 14
950 1983 1108 2028 imperet
1120 1983 1154 2029 c]
1168 1983 1327 2028 imperat
1340 1981 1483 2025 1⁷¹ng

187 2033 320 2066 natura
345 2042 526 2077 cognosce
546 2031 622 2077 Pf]
647 2041 827 2077 cognosce
853 2044 874 2065 ν
900 2041 1080 2076 cognosce
1105 2030 1283 2065 naturaV
1301 2039 1526 2075 cognoscens

186 2079 320 2112 natura.
344 2090 363 2113 e
371 2080 390 2121 ζ
412 2089 594 2124 cognosce
619 2089 663 2113 ex
687 2080 822 2113 natura
845 2077 928 2113 edit.
1075 2080 1117 2112 15
1144 2077 1201 2111 est
1226 2076 1322 2122 PV]
1347 2087 1412 2111 om.
1433 2076 1485 2119 vs

189 2128 231 2159 16
258 2135 367 2160 sensu
385 2126 487 2171 edit]
506 2136 619 2160 censu
637 2125 737 2161 codd.
834 2127 880 2159 20
899 2134 1010 2178 scena
1029 2124 1069 2159 E
1108 2133 1218 2158 scena
1236 2134 1312 2167 yvc
1336 2133 1425 2159 seua
1443 2124 1529 2165 rVg

187 2182 298 2206 scena
322 2172 345 2214 f
463 2172 616 2217 quidem
640 2174 685 2214 cg
808 2171 888 2206 lux:
915 2171 992 2206 d1c:
1018 2183 1040 2205 ν
1101 2170 1189 2216 Vct]
1215 2170 1291 2205 dic:
1317 2169 1397 2204 lux:
1425 2170 1485 2213 ΓΙ·

187 2222 231 2253 23
257 2229 393 2254 comm:
419 2218 518 2254 idest
542 2230 578 2254 c:
604 2222 624 2261 ζ
639 2230 734 2255 com.
753 2230 773 2255 c
891 2221 936 2254 24
961 2218 1035 2253 ista
1059 2217 1227 2264 dextera]
1251 2217 1326 2252 ista
1349 2217 1479 2252 dextra
1503 2230 1526 2252 v

186 2264 251 2310 pia
268 2265 399 2300 dextra
417 2267 463 2307 εζ
494 2276 496 2282 ·
557 2267 622 2301 sed
635 2287 680 2292 —
694 2265 862 2312 dexteru]
878 2276 976 2301 oms
1072 2264 1154 2311 sed]
1174 2264 1205 2299 si
1218 2266 1263 2305 οξ
1355 2263 1420 2308 pia
1439 2264 1526 2299 dex-

186 2312 283 2358 tera]
308 2312 366 2347 hic
390 2323 456 2347 om.
479 2314 552 2354 νεζ
647 2316 692 2348 26
717 2312 830 2358 idest]
856 2323 923 2348 om.
944 2314 989 2353 σζ
1081 2321 1155 2346 non
1179 2310 1325 2346 miraris
1350 2323 1370 2346 r
