<?xml version="1.0" encoding="UTF-8"?>
<!DOCTYPE html PUBLIC "-//W3C//DTD XHTML 1.0 Transitional//EN"
    "http://www.w3.org/TR/xhtml1/DTD/xhtml1-transitional.dtd">
<html xmlns="http://www.w3.org/1999/xhtml" xml:lang="en" lang="en">
 <head>
  <title>
</title>
<meta http-equiv="Content-Type" content="text/html;charset=utf-8" />
  <meta name='ocr-system' content='tesseract 3.04.00' />
  <meta name='ocr-capabilities' content='ocr_page ocr_carea ocr_par ocr_line ocrx_word'/>
</head>
<body>
  <div class='ocr_page' id='page_1' title='image "./pseudacronisscho02kelluoft_0112.png"; bbox 0 0 1656 2524; ppageno 0'>
   <div class='ocr_carea' id='block_1_1' title="bbox 194 91 1101 133">
    <p class='ocr_par' dir='ltr' id='par_1_1' title="bbox 194 91 1101 133">
     <span class='ocr_line' id='line_1_1' title="bbox 194 91 1101 133; baseline -0.006 0"><span class='ocrx_word' id='word_1_1' title='bbox 194 91 252 133; x_wconf 81' lang='grc'>92</span> <span class='ocrx_word' id='word_1_2' title='bbox 630 91 792 128; x_wconf 88' lang='lat' dir='ltr'><strong>SCHOL.</strong></span> <span class='ocrx_word' id='word_1_3' title='bbox 806 91 854 128; x_wconf 85' lang='grc' dir='ltr'>Γ’</span> <span class='ocrx_word' id='word_1_4' title='bbox 865 93 900 130; x_wconf 89' lang='lat' dir='ltr'><strong><em>V</em></strong></span> <span class='ocrx_word' id='word_1_5' title='bbox 911 91 966 128; x_wconf 74' lang='lat' dir='ltr'>IN</span> <span class='ocrx_word' id='word_1_6' title='bbox 988 91 1101 128; x_wconf 88' lang='lat' dir='ltr'><strong>HOR.</strong></span> 
     </span>
    </p>
   </div>
   <div class='ocr_carea' id='block_1_2' title="bbox 127 200 1549 1785">
    <p class='ocr_par' dir='ltr' id='par_1_2' title="bbox 127 200 1549 1785">
     <span class='ocr_line' id='line_1_2' title="bbox 194 200 1541 254; baseline 0.002 -13"><span class='ocrx_word' id='word_1_7' title='bbox 194 204 294 242; x_wconf 84' lang='lat' dir='ltr'>simo</span> <span class='ocrx_word' id='word_1_8' title='bbox 330 205 481 251; x_wconf 88' lang='lat' dir='ltr'>monte,</span> <span class='ocrx_word' id='word_1_9' title='bbox 523 200 622 252; x_wconf 83' lang='lat' dir='ltr'>‘quo</span> <span class='ocrx_word' id='word_1_10' title='bbox 652 216 744 243; x_wconf 85' lang='lat' dir='ltr'>rara</span> <span class='ocrx_word' id='word_1_11' title='bbox 775 204 920 243; x_wconf 83' lang='lat' dir='ltr'>securis</span> <span class='ocrx_word' id='word_1_12' title='bbox 949 201 1111 253; x_wconf 85' lang='lat' dir='ltr'>fertur’,</span> <span class='ocrx_word' id='word_1_13' title='bbox 1146 204 1220 244; x_wconf 87' lang='lat' dir='ltr'>hoc</span> <span class='ocrx_word' id='word_1_14' title='bbox 1251 206 1312 243; x_wconf 86' lang='lat' dir='ltr'>est</span> <span class='ocrx_word' id='word_1_15' title='bbox 1341 204 1391 243; x_wconf 88' lang='lat' dir='ltr'>ad</span> <span class='ocrx_word' id='word_1_16' title='bbox 1422 217 1541 254; x_wconf 89' lang='lat' dir='ltr'>quem</span> 
     </span>
     <span class='ocr_line' id='line_1_3' title="bbox 194 262 1540 314; baseline 0.001 -14"><span class='ocrx_word' id='word_1_17' title='bbox 194 263 369 300; x_wconf 86' lang='lat' dir='ltr'>montem</span> <span class='ocrx_word' id='word_1_18' title='bbox 418 274 509 301; x_wconf 91' lang='lat' dir='ltr'>raro</span> <span class='ocrx_word' id='word_1_19' title='bbox 557 263 717 301; x_wconf 90' lang='lat' dir='ltr'>uenitur</span> <span class='ocrx_word' id='word_1_20' title='bbox 763 262 1114 313; x_wconf 85' lang='lat' dir='ltr'>praecidendorum</span> <span class='ocrx_word' id='word_1_21' title='bbox 1162 264 1293 314; x_wconf 83' lang='lat' dir='ltr'>gratia</span> <span class='ocrx_word' id='word_1_22' title='bbox 1340 263 1540 314; x_wconf 80' lang='lat' dir='ltr'>lignenm</span> 
     </span>
     <span class='ocr_line' id='line_1_4' title="bbox 195 315 701 374; baseline 0.002 -15"><span class='ocrx_word' id='word_1_23' title='bbox 195 315 325 374; x_wconf 79' lang='lat' dir='ltr'>(P&#39;bf</span> <span class='ocrx_word' id='word_1_24' title='bbox 334 321 414 368; x_wconf 64' lang='lat' dir='ltr'><em>ch</em></span> <span class='ocrx_word' id='word_1_25' title='bbox 435 332 534 360; x_wconf 76' lang='lat' dir='ltr'>cons.</span> <span class='ocrx_word' id='word_1_26' title='bbox 559 321 701 370; x_wconf 72' lang='lat' dir='ltr'>Porph.</span> 
     </span>
     <span class='ocr_line' id='line_1_5' title="bbox 312 378 1542 431; baseline 0.002 -13"><span class='ocrx_word' id='word_1_27' title='bbox 312 378 498 429; x_wconf 70' lang='lat' dir='ltr'>§Fabula</span> <span class='ocrx_word' id='word_1_28' title='bbox 520 380 614 419; x_wconf 89' lang='lat' dir='ltr'>talis</span> <span class='ocrx_word' id='word_1_29' title='bbox 641 382 717 420; x_wconf 85' lang='lat' dir='ltr'>est:</span> <span class='ocrx_word' id='word_1_30' title='bbox 743 380 914 430; x_wconf 90' lang='lat' dir='ltr'>quodam</span> <span class='ocrx_word' id='word_1_31' title='bbox 931 382 1107 431; x_wconf 90' lang='lat' dir='ltr'>tempore</span> <span class='ocrx_word' id='word_1_32' title='bbox 1126 382 1296 420; x_wconf 83' lang='lat' dir='ltr'>rusticus</span> <span class='ocrx_word' id='word_1_33' title='bbox 1315 380 1409 420; x_wconf 90' lang='lat' dir='ltr'>dum</span> <span class='ocrx_word' id='word_1_34' title='bbox 1427 382 1542 420; x_wconf 86' lang='lat' dir='ltr'>iuxta</span> 
     </span>
     <span class='ocr_line' id='line_1_6' title="bbox 148 438 1538 490; baseline 0.001 -13"><span class='ocrx_word' id='word_1_35' title='bbox 148 446 168 478; x_wconf 87' lang='lat'>5</span> <span class='ocrx_word' id='word_1_36' title='bbox 194 438 360 477; x_wconf 87' lang='lat' dir='ltr'>fluuium</span> <span class='ocrx_word' id='word_1_37' title='bbox 390 439 501 490; x_wconf 76' lang='lat' dir='ltr'>ligna</span> <span class='ocrx_word' id='word_1_38' title='bbox 532 439 673 489; x_wconf 87' lang='lat' dir='ltr'>caedit,</span> <span class='ocrx_word' id='word_1_39' title='bbox 704 452 797 479; x_wconf 87' lang='lat' dir='ltr'>casu</span> <span class='ocrx_word' id='word_1_40' title='bbox 827 441 973 479; x_wconf 88' lang='lat' dir='ltr'>securis</span> <span class='ocrx_word' id='word_1_41' title='bbox 1004 440 1087 479; x_wconf 88' lang='lat' dir='ltr'>eius</span> <span class='ocrx_word' id='word_1_42' title='bbox 1117 441 1160 478; x_wconf 85' lang='lat' dir='ltr'>in</span> <span class='ocrx_word' id='word_1_43' title='bbox 1190 440 1356 479; x_wconf 85' lang='lat' dir='ltr'>fluuium</span> <span class='ocrx_word' id='word_1_44' title='bbox 1387 440 1538 479; x_wconf 87' lang='lat' dir='ltr'>cecidit.</span> 
     </span>
     <span class='ocr_line' id='line_1_7' title="bbox 194 497 1541 548; baseline 0.001 -12"><span class='ocrx_word' id='word_1_45' title='bbox 194 497 411 537; x_wconf 86' lang='lat' dir='ltr'>Mercurius</span> <span class='ocrx_word' id='word_1_46' title='bbox 440 498 515 537; x_wconf 87' lang='lat' dir='ltr'>hoc</span> <span class='ocrx_word' id='word_1_47' title='bbox 545 498 593 537; x_wconf 90' lang='lat' dir='ltr'>de</span> <span class='ocrx_word' id='word_1_48' title='bbox 623 510 775 537; x_wconf 88' lang='lat' dir='ltr'>summo</span> <span class='ocrx_word' id='word_1_49' title='bbox 805 500 939 538; x_wconf 85' lang='lat' dir='ltr'>monte</span> <span class='ocrx_word' id='word_1_50' title='bbox 969 498 1084 548; x_wconf 88' lang='lat' dir='ltr'>uidit,</span> <span class='ocrx_word' id='word_1_51' title='bbox 1115 499 1316 538; x_wconf 77' lang='lat' dir='ltr'>descendit</span> <span class='ocrx_word' id='word_1_52' title='bbox 1346 498 1397 538; x_wconf 83' lang='lat' dir='ltr'>ad</span> <span class='ocrx_word' id='word_1_53' title='bbox 1420 501 1541 538; x_wconf 82' lang='lat' dir='ltr'>rusti-</span> 
     </span>
     <span class='ocr_line' id='line_1_8' title="bbox 195 557 1542 608; baseline 0.001 -13"><span class='ocrx_word' id='word_1_54' title='bbox 195 569 285 596; x_wconf 91' lang='lat' dir='ltr'>cum</span> <span class='ocrx_word' id='word_1_55' title='bbox 320 558 660 608; x_wconf 89' lang='lat' dir='ltr'>interrogauitque</span> <span class='ocrx_word' id='word_1_56' title='bbox 698 570 803 607; x_wconf 91' lang='lat' dir='ltr'>eum,</span> <span class='ocrx_word' id='word_1_57' title='bbox 845 558 940 607; x_wconf 92' lang='lat' dir='ltr'>quid</span> <span class='ocrx_word' id='word_1_58' title='bbox 977 557 1180 598; x_wconf 83' lang='lat' dir='ltr'>amisisset.</span> <span class='ocrx_word' id='word_1_59' title='bbox 1242 558 1315 596; x_wconf 87' lang='lat' dir='ltr'>Hle</span> <span class='ocrx_word' id='word_1_60' title='bbox 1352 558 1542 608; x_wconf 81' lang='lat' dir='ltr'>simplici·</span> 
     </span>
     <span class='ocr_line' id='line_1_9' title="bbox 195 616 1543 667; baseline 0.001 -12"><span class='ocrx_word' id='word_1_61' title='bbox 195 617 280 655; x_wconf 86' lang='lat' dir='ltr'>tate</span> <span class='ocrx_word' id='word_1_62' title='bbox 317 617 379 655; x_wconf 81' lang='lat' dir='ltr'>sm·</span> <span class='ocrx_word' id='word_1_63' title='bbox 409 617 484 655; x_wconf 90' lang='lat' dir='ltr'>ait:</span> <span class='ocrx_word' id='word_1_64' title='bbox 522 616 689 655; x_wconf 87' lang='lat' dir='ltr'>securim</span> <span class='ocrx_word' id='word_1_65' title='bbox 719 617 888 656; x_wconf 87' lang='lat' dir='ltr'>ferream</span> <span class='ocrx_word' id='word_1_66' title='bbox 917 617 1081 667; x_wconf 85' lang='lat' dir='ltr'>perdidi.</span> <span class='ocrx_word' id='word_1_67' title='bbox 1142 616 1359 656; x_wconf 88' lang='lat' dir='ltr'>Mercurius</span> <span class='ocrx_word' id='word_1_68' title='bbox 1389 617 1543 656; x_wconf 88' lang='lat' dir='ltr'>leuauit</span> 
     </span>
     <span class='ocr_line' id='line_1_10' title="bbox 197 674 1541 726; baseline 0.001 -12"><span class='ocrx_word' id='word_1_69' title='bbox 197 687 375 723; x_wconf 79' lang='lat' dir='ltr'>auream,</span> <span class='ocrx_word' id='word_1_70' title='bbox 411 675 480 713; x_wconf 88' lang='lat' dir='ltr'>ille</span> <span class='ocrx_word' id='word_1_71' title='bbox 511 687 623 714; x_wconf 88' lang='lat' dir='ltr'>suam</span> <span class='ocrx_word' id='word_1_72' title='bbox 653 675 730 714; x_wconf 88' lang='lat' dir='ltr'>sibi</span> <span class='ocrx_word' id='word_1_73' title='bbox 758 676 870 714; x_wconf 85' lang='lat' dir='ltr'>reddi</span> <span class='ocrx_word' id='word_1_74' title='bbox 901 676 1094 726; x_wconf 89' lang='lat' dir='ltr'>cupiebat.</span> <span class='ocrx_word' id='word_1_75' title='bbox 1156 674 1421 715; x_wconf 84' lang='lat' dir='ltr'>Conlaudauit</span> <span class='ocrx_word' id='word_1_76' title='bbox 1451 689 1541 715; x_wconf 86' lang='lat' dir='ltr'>eum</span> 
     </span>
     <span class='ocr_line' id='line_1_11' title="bbox 127 734 1544 786; baseline 0 -12"><span class='ocrx_word' id='word_1_77' title='bbox 127 743 171 774; x_wconf 91' lang='lat'>10</span> <span class='ocrx_word' id='word_1_78' title='bbox 197 734 291 773; x_wconf 92' lang='lat' dir='ltr'>deus</span> <span class='ocrx_word' id='word_1_79' title='bbox 328 736 369 772; x_wconf 91' lang='lat' dir='ltr'>et</span> <span class='ocrx_word' id='word_1_80' title='bbox 404 746 515 773; x_wconf 88' lang='lat' dir='ltr'>suam</span> <span class='ocrx_word' id='word_1_81' title='bbox 551 735 615 772; x_wconf 89' lang='lat' dir='ltr'>illi</span> <span class='ocrx_word' id='word_1_82' title='bbox 651 736 691 773; x_wconf 89' lang='lat' dir='ltr'>et</span> <span class='ocrx_word' id='word_1_83' title='bbox 722 747 882 774; x_wconf 90' lang='lat' dir='ltr'>auream</span> <span class='ocrx_word' id='word_1_84' title='bbox 913 735 1161 774; x_wconf 89' lang='lat' dir='ltr'>condonauit.</span> <span class='ocrx_word' id='word_1_85' title='bbox 1221 735 1336 773; x_wconf 82' lang='lat' dir='ltr'>Alter</span> <span class='ocrx_word' id='word_1_86' title='bbox 1367 735 1544 786; x_wconf 80' lang='lat' dir='ltr'>agricola.</span> 
     </span>
     <span class='ocr_line' id='line_1_12' title="bbox 195 790 1542 844; baseline 0.001 -13"><span class='ocrx_word' id='word_1_87' title='bbox 195 790 271 831; x_wconf 83' lang='lat' dir='ltr'>hac</span> <span class='ocrx_word' id='word_1_88' title='bbox 307 793 415 832; x_wconf 87' lang='lat' dir='ltr'>fama</span> <span class='ocrx_word' id='word_1_89' title='bbox 451 794 668 832; x_wconf 90' lang='lat' dir='ltr'>commotus</span> <span class='ocrx_word' id='word_1_90' title='bbox 704 795 755 832; x_wconf 88' lang='lat' dir='ltr'>iit</span> <span class='ocrx_word' id='word_1_91' title='bbox 790 794 841 833; x_wconf 89' lang='lat' dir='ltr'>ad</span> <span class='ocrx_word' id='word_1_92' title='bbox 877 794 1059 844; x_wconf 89' lang='lat' dir='ltr'>fluuium,</span> <span class='ocrx_word' id='word_1_93' title='bbox 1097 796 1138 833; x_wconf 91' lang='lat' dir='ltr'>et</span> <span class='ocrx_word' id='word_1_94' title='bbox 1173 794 1266 832; x_wconf 89' lang='lat' dir='ltr'>dum</span> <span class='ocrx_word' id='word_1_95' title='bbox 1301 805 1343 832; x_wconf 85' lang='lat' dir='ltr'>se</span> <span class='ocrx_word' id='word_1_96' title='bbox 1379 795 1542 833; x_wconf 78' lang='lat' dir='ltr'>simulat</span> 
     </span>
     <span class='ocr_line' id='line_1_13' title="bbox 196 852 1542 903; baseline 0.001 -12"><span class='ocrx_word' id='word_1_97' title='bbox 196 852 307 903; x_wconf 86' lang='lat' dir='ltr'>ligna</span> <span class='ocrx_word' id='word_1_98' title='bbox 337 852 440 898; x_wconf 88' lang='lat' dir='ltr'>uelle</span> <span class='ocrx_word' id='word_1_99' title='bbox 467 852 633 900; x_wconf 79' lang='lat' dir='ltr'>deicere,</span> <span class='ocrx_word' id='word_1_100' title='bbox 664 854 831 891; x_wconf 81' lang='lat' dir='ltr'>securim</span> <span class='ocrx_word' id='word_1_101' title='bbox 860 854 903 891; x_wconf 88' lang='grc'>111</span> <span class='ocrx_word' id='word_1_102' title='bbox 931 853 1098 891; x_wconf 90' lang='lat' dir='ltr'>fluuium</span> <span class='ocrx_word' id='word_1_103' title='bbox 1127 853 1333 892; x_wconf 83' lang='lat' dir='ltr'>uoluntate</span> <span class='ocrx_word' id='word_1_104' title='bbox 1362 853 1542 903; x_wconf 88' lang='lat' dir='ltr'>proiecit.</span> 
     </span>
     <span class='ocr_line' id='line_1_14' title="bbox 199 910 1543 961; baseline 0.001 -12"><span class='ocrx_word' id='word_1_105' title='bbox 199 910 392 950; x_wconf 71' lang='lat' dir='ltr'>Similiter</span> <span class='ocrx_word' id='word_1_106' title='bbox 427 911 502 949; x_wconf 90' lang='lat' dir='ltr'>hoc</span> <span class='ocrx_word' id='word_1_107' title='bbox 538 924 657 961; x_wconf 88' lang='lat' dir='ltr'>supra</span> <span class='ocrx_word' id='word_1_108' title='bbox 689 911 815 951; x_wconf 89' lang='lat' dir='ltr'>dictus</span> <span class='ocrx_word' id='word_1_109' title='bbox 847 912 940 951; x_wconf 91' lang='lat' dir='ltr'>deus</span> <span class='ocrx_word' id='word_1_110' title='bbox 971 912 1092 961; x_wconf 90' lang='lat' dir='ltr'>uidit,</span> <span class='ocrx_word' id='word_1_111' title='bbox 1135 911 1350 961; x_wconf 88' lang='lat' dir='ltr'>descendit,</span> <span class='ocrx_word' id='word_1_112' title='bbox 1389 911 1543 951; x_wconf 89' lang='lat' dir='ltr'>leuauit</span> 
     </span>
     <span class='ocr_line' id='line_1_15' title="bbox 197 969 1541 1022; baseline 0.001 -14"><span class='ocrx_word' id='word_1_113' title='bbox 197 970 376 1009; x_wconf 86' lang='lat' dir='ltr'>ferream.</span> <span class='ocrx_word' id='word_1_114' title='bbox 438 969 512 1009; x_wconf 91' lang='lat' dir='ltr'>Ille</span> <span class='ocrx_word' id='word_1_115' title='bbox 549 983 709 1009; x_wconf 85' lang='lat' dir='ltr'>auream</span> <span class='ocrx_word' id='word_1_116' title='bbox 740 983 781 1009; x_wconf 89' lang='lat' dir='ltr'>se</span> <span class='ocrx_word' id='word_1_117' title='bbox 810 971 1027 1020; x_wconf 83' lang='lat' dir='ltr'>perdidisse</span> <span class='ocrx_word' id='word_1_118' title='bbox 1057 971 1247 1022; x_wconf 86' lang='lat' dir='ltr'>fingebat3</span> <span class='ocrx_word' id='word_1_119' title='bbox 1289 971 1415 1010; x_wconf 87' lang='lat' dir='ltr'>iratus</span> <span class='ocrx_word' id='word_1_120' title='bbox 1446 971 1541 1010; x_wconf 86' lang='lat' dir='ltr'>deus</span> 
     </span>
     <span class='ocr_line' id='line_1_16' title="bbox 130 1029 1544 1080; baseline -0.002 -9"><span class='ocrx_word' id='word_1_121' title='bbox 130 1038 172 1071; x_wconf 81' lang='lat'>15</span> <span class='ocrx_word' id='word_1_122' title='bbox 199 1030 239 1068; x_wconf 88' lang='lat' dir='ltr'>et</span> <span class='ocrx_word' id='word_1_123' title='bbox 280 1029 394 1067; x_wconf 87' lang='lat' dir='ltr'>illam</span> <span class='ocrx_word' id='word_1_124' title='bbox 437 1029 597 1068; x_wconf 87' lang='lat' dir='ltr'>dimisit.</span> <span class='ocrx_word' id='word_1_125' title='bbox 658 1029 723 1068; x_wconf 89' lang='lat' dir='ltr'>Ita</span> <span class='ocrx_word' id='word_1_126' title='bbox 766 1031 835 1079; x_wconf 91' lang='lat' dir='ltr'>qui</span> <span class='ocrx_word' id='word_1_127' title='bbox 877 1043 1038 1069; x_wconf 87' lang='lat' dir='ltr'>auream</span> <span class='ocrx_word' id='word_1_128' title='bbox 1079 1030 1222 1069; x_wconf 81' lang='lat' dir='ltr'>habere</span> <span class='ocrx_word' id='word_1_129' title='bbox 1259 1029 1459 1080; x_wconf 85' lang='lat' dir='ltr'>cupiebat,</span> <span class='ocrx_word' id='word_1_130' title='bbox 1501 1031 1544 1069; x_wconf 87' lang='lat' dir='ltr'>et</span> 
     </span>
     <span class='ocr_line' id='line_1_17' title="bbox 199 1088 1542 1139; baseline 0.001 -13"><span class='ocrx_word' id='word_1_131' title='bbox 199 1101 312 1127; x_wconf 84' lang='lat' dir='ltr'>suam</span> <span class='ocrx_word' id='word_1_132' title='bbox 342 1088 525 1137; x_wconf 87' lang='lat' dir='ltr'>perdidit.</span> <span class='ocrx_word' id='word_1_133' title='bbox 581 1088 687 1139; x_wconf 84' lang='lat' dir='ltr'>Ergo</span> <span class='ocrx_word' id='word_1_134' title='bbox 719 1088 817 1127; x_wconf 88' lang='lat' dir='ltr'>dicit</span> <span class='ocrx_word' id='word_1_135' title='bbox 846 1089 976 1127; x_wconf 93' lang='lat' dir='ltr'>modo·</span> <span class='ocrx_word' id='word_1_136' title='bbox 992 1090 1127 1139; x_wconf 89' lang='lat' dir='ltr'>poeta:</span> <span class='ocrx_word' id='word_1_137' title='bbox 1159 1091 1215 1128; x_wconf 87' lang='lat' dir='ltr'>sic</span> <span class='ocrx_word' id='word_1_138' title='bbox 1244 1090 1432 1127; x_wconf 87' lang='lat' dir='ltr'>iniuriam</span> <span class='ocrx_word' id='word_1_139' title='bbox 1462 1088 1542 1127; x_wconf 87' lang='lat' dir='ltr'>Ru-</span> 
     </span>
     <span class='ocr_line' id='line_1_18' title="bbox 198 1146 1546 1197; baseline 0.001 -13"><span class='ocrx_word' id='word_1_140' title='bbox 198 1148 274 1197; x_wconf 91' lang='lat' dir='ltr'>pili</span> <span class='ocrx_word' id='word_1_141' title='bbox 304 1146 460 1185; x_wconf 89' lang='lat' dir='ltr'>Persius</span> <span class='ocrx_word' id='word_1_142' title='bbox 484 1147 671 1196; x_wconf 88' lang='lat' dir='ltr'>irruebat,</span> <span class='ocrx_word' id='word_1_143' title='bbox 704 1147 897 1197; x_wconf 90' lang='lat' dir='ltr'>quomodo</span> <span class='ocrx_word' id='word_1_144' title='bbox 923 1148 1067 1187; x_wconf 90' lang='lat' dir='ltr'>fluuius</span> <span class='ocrx_word' id='word_1_145' title='bbox 1098 1148 1178 1196; x_wconf 89' lang='lat' dir='ltr'>ille,</span> <span class='ocrx_word' id='word_1_146' title='bbox 1209 1149 1279 1197; x_wconf 91' lang='lat' dir='ltr'>qui</span> <span class='ocrx_word' id='word_1_147' title='bbox 1308 1160 1398 1187; x_wconf 87' lang='lat' dir='ltr'>raro</span> <span class='ocrx_word' id='word_1_148' title='bbox 1422 1147 1546 1186; x_wconf 85' lang='lat' dir='ltr'>habet</span> 
     </span>
     <span class='ocr_line' id='line_1_19' title="bbox 200 1201 774 1259; baseline 0 -15"><span class='ocrx_word' id='word_1_149' title='bbox 200 1218 338 1245; x_wconf 87' lang='lat' dir='ltr'>aureas</span> <span class='ocrx_word' id='word_1_150' title='bbox 370 1218 521 1245; x_wconf 88' lang='lat' dir='ltr'>secures</span> <span class='ocrx_word' id='word_1_151' title='bbox 554 1201 653 1259; x_wconf 80' lang='lat' dir='ltr'>(P&#39;b</span> <span class='ocrx_word' id='word_1_152' title='bbox 661 1207 686 1254; x_wconf 82' lang='lat' dir='ltr'><em>f</em></span> <span class='ocrx_word' id='word_1_153' title='bbox 694 1207 774 1253; x_wconf 65' lang='lat' dir='ltr'><em>ch</em></span> 
     </span>
     <span class='ocr_line' id='line_1_20' title="bbox 319 1259 1543 1317; baseline 0.002 -15"><span class='ocrx_word' id='word_1_154' title='bbox 319 1259 395 1304; x_wconf 89' lang='lat'><strong>28.</strong></span> <span class='ocrx_word' id='word_1_155' title='bbox 422 1263 568 1313; x_wconf 68' lang='lat' dir='ltr'>§Salso</span> <span class='ocrx_word' id='word_1_156' title='bbox 582 1259 682 1317; x_wconf 78' lang='grc' dir='ltr'>(οζ)]</span> <span class='ocrx_word' id='word_1_157' title='bbox 714 1265 822 1304; x_wconf 90' lang='lat' dir='ltr'>Idest</span> <span class='ocrx_word' id='word_1_158' title='bbox 841 1265 888 1303; x_wconf 88' lang='lat' dir='ltr'>de</span> <span class='ocrx_word' id='word_1_159' title='bbox 907 1277 1042 1304; x_wconf 87' lang='lat' dir='ltr'>amaro</span> <span class='ocrx_word' id='word_1_160' title='bbox 1063 1267 1103 1304; x_wconf 91' lang='lat' dir='ltr'>et</span> <span class='ocrx_word' id='word_1_161' title='bbox 1123 1267 1279 1315; x_wconf 87' lang='lat' dir='ltr'>copioso</span> <span class='ocrx_word' id='word_1_162' title='bbox 1293 1278 1338 1304; x_wconf 86' lang='lat' dir='ltr'>ac</span> <span class='ocrx_word' id='word_1_163' title='bbox 1350 1265 1543 1304; x_wconf 89' lang='lat' dir='ltr'>maledico</span> 
     </span>
     <span class='ocr_line' id='line_1_21' title="bbox 129 1319 1549 1377; baseline -0.001 -13"><span class='ocrx_word' id='word_1_164' title='bbox 129 1333 174 1364; x_wconf 80' lang='lat'>20</span> <span class='ocrx_word' id='word_1_165' title='bbox 199 1325 357 1374; x_wconf 82' lang='lat' dir='ltr'>pectore</span> <span class='ocrx_word' id='word_1_166' title='bbox 387 1324 557 1373; x_wconf 91' lang='lat' dir='ltr'>protulit</span> <span class='ocrx_word' id='word_1_167' title='bbox 586 1325 761 1363; x_wconf 87' lang='lat' dir='ltr'>conuitia</span> <span class='ocrx_word' id='word_1_168' title='bbox 791 1325 831 1362; x_wconf 89' lang='lat' dir='ltr'>et</span> <span class='ocrx_word' id='word_1_169' title='bbox 860 1325 1013 1363; x_wconf 86' lang='lat' dir='ltr'>remisit</span> <span class='ocrx_word' id='word_1_170' title='bbox 1041 1325 1084 1362; x_wconf 90' lang='lat' dir='ltr'>in</span> <span class='ocrx_word' id='word_1_171' title='bbox 1113 1323 1292 1363; x_wconf 89' lang='lat' dir='ltr'>Persium</span> <span class='ocrx_word' id='word_1_172' title='bbox 1324 1319 1397 1377; x_wconf 80' lang='lat' dir='ltr'>(P&#39;</span> <span class='ocrx_word' id='word_1_173' title='bbox 1403 1324 1549 1371; x_wconf 62' lang='lat' dir='ltr'>bfVcL·</span> 
     </span>
     <span class='ocr_line' id='line_1_22' title="bbox 319 1377 1543 1436; baseline 0.001 -16"><span class='ocrx_word' id='word_1_174' title='bbox 319 1377 396 1422; x_wconf 88' lang='lat'><strong>29.</strong></span> <span class='ocrx_word' id='word_1_175' title='bbox 452 1382 677 1432; x_wconf 79' lang='lat' dir='ltr'>*Expressa</span> <span class='ocrx_word' id='word_1_176' title='bbox 713 1382 873 1421; x_wconf 88' lang='lat' dir='ltr'>arbusto</span> <span class='ocrx_word' id='word_1_177' title='bbox 915 1378 1022 1436; x_wconf 84' lang='lat' dir='ltr'>(vc)]</span> <span class='ocrx_word' id='word_1_178' title='bbox 1085 1379 1198 1434; x_wconf 92' lang='lat' dir='ltr'>[Pro]</span> <span class='ocrx_word' id='word_1_179' title='bbox 1235 1384 1410 1432; x_wconf 85' lang='lat' dir='ltr'>pectore,</span> <span class='ocrx_word' id='word_1_180' title='bbox 1449 1383 1543 1421; x_wconf 85' lang='lat' dir='ltr'>alle-</span> 
     </span>
     <span class='ocr_line' id='line_1_23' title="bbox 199 1435 538 1493; baseline -0.003 -13"><span class='ocrx_word' id='word_1_181' title='bbox 199 1442 352 1493; x_wconf 85' lang='lat' dir='ltr'>goricos</span> <span class='ocrx_word' id='word_1_182' title='bbox 385 1435 538 1493; x_wconf 69' lang='lat' dir='ltr'>(P‘bcg</span> 
     </span>
     <span class='ocr_line' id='line_1_24' title="bbox 317 1493 1410 1553; baseline 0 -15"><span class='ocrx_word' id='word_1_183' title='bbox 317 1499 510 1549; x_wconf 77' lang='lat' dir='ltr'>*Regerit</span> <span class='ocrx_word' id='word_1_184' title='bbox 541 1493 643 1552; x_wconf 77' lang='grc' dir='ltr'>(οζ)]</span> <span class='ocrx_word' id='word_1_185' title='bbox 697 1499 871 1538; x_wconf 87' lang='lat' dir='ltr'>Inuicem</span> <span class='ocrx_word' id='word_1_186' title='bbox 901 1501 1029 1538; x_wconf 84' lang='lat' dir='ltr'>mittit</span> <span class='ocrx_word' id='word_1_187' title='bbox 1059 1499 1268 1551; x_wconf 84' lang='grc' dir='ltr'><strong><em>σκώμματα</em></strong></span> <span class='ocrx_word' id='word_1_188' title='bbox 1299 1495 1410 1553; x_wconf 79' lang='grc' dir='ltr'>(Γοζ</span> 
     </span>
     <span class='ocr_line' id='line_1_25' title="bbox 319 1554 1544 1625; baseline 0.001 -28"><span class='ocrx_word' id='word_1_189' title='bbox 319 1554 396 1598; x_wconf 89' lang='lat'><strong>29.</strong></span> <span class='ocrx_word' id='word_1_190' title='bbox 439 1554 515 1598; x_wconf 83' lang='lat'><strong>30.</strong></span> <span class='ocrx_word' id='word_1_191' title='bbox 566 1557 711 1625; x_wconf 76' lang='lat' dir='ltr'>§Bene</span> <span class='ocrx_word' id='word_1_192' title='bbox 754 1560 1025 1608; x_wconf 88' lang='lat' dir='ltr'>perseuerauit</span> <span class='ocrx_word' id='word_1_193' title='bbox 1066 1560 1109 1596; x_wconf 90' lang='lat' dir='ltr'>in</span> <span class='ocrx_word' id='word_1_194' title='bbox 1151 1559 1400 1609; x_wconf 86' lang='lat' dir='ltr'>metaphora,</span> <span class='ocrx_word' id='word_1_195' title='bbox 1449 1560 1544 1608; x_wconf 77' lang='lat' dir='ltr'>quia</span> 
     </span>
     <span class='ocr_line' id='line_1_26' title="bbox 132 1616 1548 1668; baseline -0.002 -9"><span class='ocrx_word' id='word_1_196' title='bbox 132 1627 176 1659; x_wconf 76' lang='lat'>25</span> <span class='ocrx_word' id='word_1_197' title='bbox 201 1618 405 1657; x_wconf 87' lang='lat' dir='ltr'>arbustum</span> <span class='ocrx_word' id='word_1_198' title='bbox 446 1619 583 1667; x_wconf 90' lang='lat' dir='ltr'>pectus</span> <span class='ocrx_word' id='word_1_199' title='bbox 625 1618 707 1656; x_wconf 89' lang='lat' dir='ltr'>eius</span> <span class='ocrx_word' id='word_1_200' title='bbox 744 1616 859 1666; x_wconf 88' lang='lat' dir='ltr'>dixit,</span> <span class='ocrx_word' id='word_1_201' title='bbox 903 1617 1018 1656; x_wconf 91' lang='lat' dir='ltr'>modo</span> <span class='ocrx_word' id='word_1_202' title='bbox 1055 1618 1170 1655; x_wconf 91' lang='lat' dir='ltr'>illum</span> <span class='ocrx_word' id='word_1_203' title='bbox 1207 1618 1303 1657; x_wconf 91' lang='lat' dir='ltr'>duro</span> <span class='ocrx_word' id='word_1_204' title='bbox 1341 1619 1548 1668; x_wconf 83' lang='lat' dir='ltr'>comparat</span> 
     </span>
     <span class='ocr_line' id='line_1_27' title="bbox 200 1671 730 1729; baseline -0.002 -14"><span class='ocrx_word' id='word_1_205' title='bbox 200 1676 481 1715; x_wconf 86' lang='lat' dir='ltr'>uindemiatori</span> <span class='ocrx_word' id='word_1_206' title='bbox 512 1671 581 1729; x_wconf 80' lang='lat' dir='ltr'>(F&#39;</span> <span class='ocrx_word' id='word_1_207' title='bbox 589 1676 610 1714; x_wconf 89' lang='lat' dir='ltr'><strong><em>b</em></strong></span> <span class='ocrx_word' id='word_1_208' title='bbox 617 1677 641 1724; x_wconf 80' lang='lat' dir='ltr'><em>f</em></span> <span class='ocrx_word' id='word_1_209' title='bbox 650 1677 730 1722; x_wconf 62' lang='lat' dir='ltr'><em>ch</em></span> 
     </span>
     <span class='ocr_line' id='line_1_28' title="bbox 320 1734 1547 1785; baseline 0 -12"><span class='ocrx_word' id='word_1_210' title='bbox 320 1734 345 1785; x_wconf 68' lang='grc' dir='ltr'>ξ</span> <span class='ocrx_word' id='word_1_211' title='bbox 358 1735 635 1774; x_wconf 86' lang='lat' dir='ltr'>Vindemiator</span> <span class='ocrx_word' id='word_1_212' title='bbox 665 1747 743 1773; x_wconf 89' lang='lat' dir='ltr'>non</span> <span class='ocrx_word' id='word_1_213' title='bbox 775 1735 931 1784; x_wconf 86' lang='lat' dir='ltr'>dicitur,</span> <span class='ocrx_word' id='word_1_214' title='bbox 962 1735 1029 1774; x_wconf 91' lang='lat' dir='ltr'>sed</span> <span class='ocrx_word' id='word_1_215' title='bbox 1059 1735 1318 1785; x_wconf 89' lang='lat' dir='ltr'>uindemator,</span> <span class='ocrx_word' id='word_1_216' title='bbox 1350 1737 1390 1773; x_wconf 91' lang='lat' dir='ltr'>et</span> <span class='ocrx_word' id='word_1_217' title='bbox 1421 1737 1462 1774; x_wconf 87' lang='lat' dir='ltr'>ni</span> <span class='ocrx_word' id='word_1_218' title='bbox 1485 1737 1547 1773; x_wconf 81' lang='lat' dir='ltr'>ita.</span> 
     </span>
    </p>
   </div>
   <div class='ocr_carea' id='block_1_3' title="bbox 203 1858 1549 2373">
    <p class='ocr_par' dir='ltr' id='par_1_3' title="bbox 203 1858 1549 2373">
     <span class='ocr_line' id='line_1_29' title="bbox 322 1858 1501 1905; baseline -0.001 -11"><span class='ocrx_word' id='word_1_219' title='bbox 322 1862 341 1893; x_wconf 79' lang='lat'><strong>7</strong></span> <span class='ocrx_word' id='word_1_220' title='bbox 367 1858 449 1905; x_wconf 88' lang='lat' dir='ltr'>ille]</span> <span class='ocrx_word' id='word_1_221' title='bbox 474 1870 540 1894; x_wconf 83' lang='lat' dir='ltr'>om</span> <span class='ocrx_word' id='word_1_222' title='bbox 560 1862 606 1901; x_wconf 74' lang='grc' dir='ltr'>οζ</span> <span class='ocrx_word' id='word_1_223' title='bbox 699 1861 719 1893; x_wconf 90' lang='grc'>8</span> <span class='ocrx_word' id='word_1_224' title='bbox 746 1858 803 1893; x_wconf 83' lang='lat' dir='ltr'>sui</span> <span class='ocrx_word' id='word_1_225' title='bbox 830 1858 875 1893; x_wconf 86' lang='grc' dir='ltr'>Γ’</span> <span class='ocrx_word' id='word_1_226' title='bbox 883 1859 923 1905; x_wconf 79' lang='lat' dir='ltr'>f]</span> <span class='ocrx_word' id='word_1_227' title='bbox 949 1869 1016 1894; x_wconf 84' lang='lat' dir='ltr'>sua</span> <span class='ocrx_word' id='word_1_228' title='bbox 1041 1859 1145 1901; x_wconf 66' lang='lat' dir='ltr'>chg‘</span> <span class='ocrx_word' id='word_1_229' title='bbox 1237 1869 1402 1894; x_wconf 82' lang='lat' dir='ltr'>securem</span> <span class='ocrx_word' id='word_1_230' title='bbox 1426 1859 1501 1900; x_wconf 65' lang='lat' dir='ltr'><strong><em>ch</em></strong></span> 
     </span>
     <span class='ocr_line' id='line_1_30' title="bbox 205 1905 1504 1952; baseline 0 -11"><span class='ocrx_word' id='word_1_231' title='bbox 205 1909 248 1940; x_wconf 93' lang='lat'>10</span> <span class='ocrx_word' id='word_1_232' title='bbox 273 1906 331 1941; x_wconf 87' lang='lat' dir='ltr'>illi</span> <span class='ocrx_word' id='word_1_233' title='bbox 357 1907 394 1941; x_wconf 85' lang='lat' dir='ltr'>et</span> <span class='ocrx_word' id='word_1_234' title='bbox 419 1916 570 1941; x_wconf 83' lang='lat' dir='ltr'>auream</span> <span class='ocrx_word' id='word_1_235' title='bbox 595 1905 651 1940; x_wconf 90' lang='lat' dir='ltr'>illi</span> <span class='ocrx_word' id='word_1_236' title='bbox 679 1906 713 1941; x_wconf 92' lang='lat' dir='ltr'><em>V</em></span> <span class='ocrx_word' id='word_1_237' title='bbox 807 1910 848 1940; x_wconf 92' lang='lat'>11</span> <span class='ocrx_word' id='word_1_238' title='bbox 876 1906 922 1940; x_wconf 88' lang='lat' dir='ltr'>iit</span> <span class='ocrx_word' id='word_1_239' title='bbox 940 1906 975 1952; x_wconf 82' lang='lat' dir='ltr'>r]</span> <span class='ocrx_word' id='word_1_240' title='bbox 999 1908 1043 1940; x_wconf 91' lang='lat' dir='ltr'>ut</span> <span class='ocrx_word' id='word_1_241' title='bbox 1061 1919 1112 1951; x_wconf 83' lang='lat' dir='ltr'>yv</span> <span class='ocrx_word' id='word_1_242' title='bbox 1137 1906 1208 1940; x_wconf 91' lang='lat' dir='ltr'>iuit</span> <span class='ocrx_word' id='word_1_243' title='bbox 1234 1906 1308 1947; x_wconf 66' lang='lat' dir='ltr'>ch·</span> <span class='ocrx_word' id='word_1_244' title='bbox 1330 1905 1434 1940; x_wconf 87' lang='lat' dir='ltr'>uenit</span> <span class='ocrx_word' id='word_1_245' title='bbox 1453 1906 1504 1948; x_wconf 81' lang='lat' dir='ltr'>bf</span> 
     </span>
     <span class='ocr_line' id='line_1_31' title="bbox 205 1952 1549 2000; baseline -0.001 -12"><span class='ocrx_word' id='word_1_246' title='bbox 205 1957 247 1988; x_wconf 83' lang='lat'>12</span> <span class='ocrx_word' id='word_1_247' title='bbox 274 1953 435 2000; x_wconf 88' lang='lat' dir='ltr'>deicere]</span> <span class='ocrx_word' id='word_1_248' title='bbox 461 1953 614 1988; x_wconf 83' lang='lat' dir='ltr'>caedere</span> <span class='ocrx_word' id='word_1_249' title='bbox 638 1954 683 1996; x_wconf 62' lang='lat' dir='ltr'>fg</span> <span class='ocrx_word' id='word_1_250' title='bbox 705 1953 835 1989; x_wconf 84' lang='lat' dir='ltr'>cedere</span> <span class='ocrx_word' id='word_1_251' title='bbox 859 1964 878 1988; x_wconf 87' lang='lat' dir='ltr'>c</span> <span class='ocrx_word' id='word_1_252' title='bbox 973 1963 1138 1988; x_wconf 82' lang='lat' dir='ltr'>securem</span> <span class='ocrx_word' id='word_1_253' title='bbox 1156 1954 1176 1994; x_wconf 83' lang='grc' dir='ltr'><em>ζ</em></span> <span class='ocrx_word' id='word_1_254' title='bbox 1200 1952 1357 1987; x_wconf 81' lang='lat' dir='ltr'>securim</span> <span class='ocrx_word' id='word_1_255' title='bbox 1375 1956 1464 1995; x_wconf 69' lang='lat' dir='ltr'>cett.5</span> <span class='ocrx_word' id='word_1_256' title='bbox 1487 1953 1549 1987; x_wconf 78' lang='lat' dir='ltr'>hzc</span> 
     </span>
     <span class='ocr_line' id='line_1_32' title="bbox 203 1999 1546 2046; baseline 0.001 -12"><span class='ocrx_word' id='word_1_257' title='bbox 203 2001 311 2036; x_wconf 81' lang='lat' dir='ltr'>etiam</span> <span class='ocrx_word' id='word_1_258' title='bbox 336 2012 355 2036; x_wconf 85' lang='lat' dir='ltr'>c</span> <span class='ocrx_word' id='word_1_259' title='bbox 460 2003 503 2034; x_wconf 82' lang='lat'>13</span> <span class='ocrx_word' id='word_1_260' title='bbox 528 1999 627 2034; x_wconf 90' lang='lat' dir='ltr'>uidit</span> <span class='ocrx_word' id='word_1_261' title='bbox 652 2002 759 2045; x_wconf 79' lang='lat' dir='ltr'>yvbf</span> <span class='ocrx_word' id='word_1_262' title='bbox 768 2000 820 2046; x_wconf 87' lang='lat' dir='ltr'>V]</span> <span class='ocrx_word' id='word_1_263' title='bbox 846 1999 977 2044; x_wconf 87' lang='lat' dir='ltr'>(dum.</span> <span class='ocrx_word' id='word_1_264' title='bbox 1030 2002 1052 2044; x_wconf 92' lang='lat'><strong>.)</strong></span> <span class='ocrx_word' id='word_1_265' title='bbox 1076 1999 1223 2034; x_wconf 84' lang='lat' dir='ltr'>uideret</span> <span class='ocrx_word' id='word_1_266' title='bbox 1246 2011 1267 2034; x_wconf 82' lang='lat' dir='ltr'>r</span> <span class='ocrx_word' id='word_1_267' title='bbox 1290 1999 1421 2033; x_wconf 82' lang='lat' dir='ltr'>uidens</span> <span class='ocrx_word' id='word_1_268' title='bbox 1445 2001 1491 2040; x_wconf 75' lang='grc' dir='ltr'>οζ</span> <span class='ocrx_word' id='word_1_269' title='bbox 1511 2003 1546 2035; x_wconf 84' lang='lat' dir='ltr'>et</span> 
     </span>
     <span class='ocr_line' id='line_1_33' title="bbox 203 2045 1504 2104; baseline -0.002 -23"><span class='ocrx_word' id='word_1_270' title='bbox 203 2048 286 2082; x_wconf 80' lang='lat' dir='ltr'>edit.</span> <span class='ocrx_word' id='word_1_271' title='bbox 386 2050 430 2082; x_wconf 84' lang='lat'>14</span> <span class='ocrx_word' id='word_1_272' title='bbox 443 2047 577 2093; x_wconf 80' lang='lat' dir='ltr'>iratus]</span> <span class='ocrx_word' id='word_1_273' title='bbox 590 2047 689 2082; x_wconf 85' lang='lat' dir='ltr'>unde</span> <span class='ocrx_word' id='word_1_274' title='bbox 703 2047 819 2082; x_wconf 83' lang='lat' dir='ltr'>iratus</span> <span class='ocrx_word' id='word_1_275' title='bbox 833 2058 853 2082; x_wconf 86' lang='lat' dir='ltr'>r</span> <span class='ocrx_word' id='word_1_276' title='bbox 950 2050 992 2081; x_wconf 85' lang='lat'>16</span> <span class='ocrx_word' id='word_1_277' title='bbox 1007 2046 1223 2104; x_wconf 86' lang='lat' dir='ltr'>iniuriam]</span> <span class='ocrx_word' id='word_1_278' title='bbox 1213 2057 1251 2080; x_wconf 86' lang='grc'>111</span> <span class='ocrx_word' id='word_1_279' title='bbox 1264 2045 1439 2080; x_wconf 80' lang='lat' dir='ltr'>iniuriam</span> <span class='ocrx_word' id='word_1_280' title='bbox 1453 2046 1504 2099; x_wconf 85' lang='lat' dir='ltr'>bf</span> 
     </span>
     <span class='ocr_line' id='line_1_34' title="bbox 206 2092 1548 2135; baseline 0 -7"><span class='ocrx_word' id='word_1_281' title='bbox 206 2096 249 2128; x_wconf 88' lang='lat'>18</span> <span class='ocrx_word' id='word_1_282' title='bbox 275 2104 426 2128; x_wconf 81' lang='lat' dir='ltr'>auream</span> <span class='ocrx_word' id='word_1_283' title='bbox 452 2094 610 2129; x_wconf 82' lang='lat' dir='ltr'>securim</span> <span class='ocrx_word' id='word_1_284' title='bbox 635 2097 681 2135; x_wconf 79' lang='grc' dir='ltr'>εζ</span> <span class='ocrx_word' id='word_1_285' title='bbox 793 2097 837 2129; x_wconf 82' lang='lat'>20</span> <span class='ocrx_word' id='word_1_286' title='bbox 863 2093 1029 2128; x_wconf 82' lang='lat' dir='ltr'>conuitia</span> <span class='ocrx_word' id='word_1_287' title='bbox 1055 2092 1101 2128; x_wconf 87' lang='grc' dir='ltr'>Γ’</span> <span class='ocrx_word' id='word_1_288' title='bbox 1113 2095 1133 2135; x_wconf 83' lang='grc' dir='ltr'>ζ</span> <span class='ocrx_word' id='word_1_289' title='bbox 1156 2093 1308 2128; x_wconf 89' lang='lat' dir='ltr'>comitia</span> <span class='ocrx_word' id='word_1_290' title='bbox 1332 2104 1351 2127; x_wconf 85' lang='lat' dir='ltr'>c</span> <span class='ocrx_word' id='word_1_291' title='bbox 1375 2092 1548 2128; x_wconf 73' lang='lat' dir='ltr'>conuicia</span> 
     </span>
     <span class='ocr_line' id='line_1_35' title="bbox 203 2139 1531 2186; baseline 0 -11"><span class='ocrx_word' id='word_1_292' title='bbox 203 2141 281 2183; x_wconf 79' lang='lat' dir='ltr'>fV,</span> <span class='ocrx_word' id='word_1_293' title='bbox 307 2142 459 2176; x_wconf 79' lang='lat' dir='ltr'>euanuit</span> <span class='ocrx_word' id='word_1_294' title='bbox 483 2142 503 2176; x_wconf 89' lang='lat' dir='ltr'><strong><em>b</em></strong></span> <span class='ocrx_word' id='word_1_295' title='bbox 630 2145 671 2175; x_wconf 84' lang='lat'>21</span> <span class='ocrx_word' id='word_1_296' title='bbox 699 2152 765 2186; x_wconf 89' lang='lat' dir='ltr'>pro</span> <span class='ocrx_word' id='word_1_297' title='bbox 790 2152 856 2176; x_wconf 85' lang='lat' dir='ltr'>om</span> <span class='ocrx_word' id='word_1_298' title='bbox 877 2143 922 2182; x_wconf 74' lang='grc' dir='ltr'>εξ</span> <span class='ocrx_word' id='word_1_299' title='bbox 1036 2143 1080 2174; x_wconf 81' lang='grc'>28</span> <span class='ocrx_word' id='word_1_300' title='bbox 1106 2139 1319 2185; x_wconf 79' lang='grc' dir='ltr'>σκώμματα]</span> <span class='ocrx_word' id='word_1_301' title='bbox 1344 2150 1410 2175; x_wconf 88' lang='lat' dir='ltr'>om.</span> <span class='ocrx_word' id='word_1_302' title='bbox 1430 2142 1531 2181; x_wconf 60' lang='lat' dir='ltr'>reg</span> 
     </span>
     <span class='ocr_line' id='line_1_36' title="bbox 206 2186 1495 2233; baseline -0.001 -12"><span class='ocrx_word' id='word_1_303' title='bbox 206 2190 250 2222; x_wconf 79' lang='lat'>24</span> <span class='ocrx_word' id='word_1_304' title='bbox 274 2188 340 2222; x_wconf 79' lang='lat' dir='ltr'>hoc</span> <span class='ocrx_word' id='word_1_305' title='bbox 362 2188 467 2222; x_wconf 79' lang='lat' dir='ltr'>schol.</span> <span class='ocrx_word' id='word_1_306' title='bbox 482 2192 566 2232; x_wconf 77' lang='lat' dir='ltr'>post</span> <span class='ocrx_word' id='word_1_307' title='bbox 590 2199 786 2233; x_wconf 76' lang='lat' dir='ltr'>sequensp</span> <span class='ocrx_word' id='word_1_308' title='bbox 757 2199 844 2233; x_wconf 79' lang='lat' dir='ltr'>pon.</span> <span class='ocrx_word' id='word_1_309' title='bbox 865 2190 910 2228; x_wconf 78' lang='grc' dir='ltr'>εζ</span> <span class='ocrx_word' id='word_1_310' title='bbox 925 2187 1084 2222; x_wconf 81' lang='lat' dir='ltr'>addito‘</span> <span class='ocrx_word' id='word_1_311' title='bbox 1094 2187 1240 2222; x_wconf 85' lang='lat' dir='ltr'>autem&#39;</span> <span class='ocrx_word' id='word_1_312' title='bbox 1256 2190 1340 2231; x_wconf 80' lang='lat' dir='ltr'>post</span> <span class='ocrx_word' id='word_1_313' title='bbox 1360 2186 1495 2221; x_wconf 78' lang='lat' dir='ltr'>‘bene&#39;</span> 
     </span>
     <span class='ocr_line' id='line_1_37' title="bbox 206 2233 1548 2280; baseline -0.001 -12"><span class='ocrx_word' id='word_1_314' title='bbox 206 2237 248 2268; x_wconf 78' lang='lat'>27</span> <span class='ocrx_word' id='word_1_315' title='bbox 269 2233 520 2268; x_wconf 85' lang='lat' dir='ltr'>uindemiator</span> <span class='ocrx_word' id='word_1_316' title='bbox 540 2262 546 2268; x_wconf 96' lang='lat'><strong>.</strong></span> <span class='ocrx_word' id='word_1_317' title='bbox 570 2262 575 2268; x_wconf 95' lang='lat'><strong>.</strong></span> <span class='ocrx_word' id='word_1_318' title='bbox 599 2262 605 2268; x_wconf 88' lang='lat'><strong>.</strong></span> <span class='ocrx_word' id='word_1_319' title='bbox 626 2235 861 2270; x_wconf 86' lang='lat' dir='ltr'>uindemator</span> <span class='ocrx_word' id='word_1_320' title='bbox 875 2234 927 2280; x_wconf 94' lang='grc' dir='ltr'>Γ]</span> <span class='ocrx_word' id='word_1_321' title='bbox 940 2233 1190 2268; x_wconf 84' lang='lat' dir='ltr'>uindemiator</span> <span class='ocrx_word' id='word_1_322' title='bbox 1211 2261 1217 2267; x_wconf 92' lang='lat'><strong>.</strong></span> <span class='ocrx_word' id='word_1_323' title='bbox 1239 2261 1246 2267; x_wconf 91' lang='lat'><strong>.</strong></span> <span class='ocrx_word' id='word_1_324' title='bbox 1269 2261 1276 2267; x_wconf 89' lang='lat'><strong>.</strong></span> <span class='ocrx_word' id='word_1_325' title='bbox 1295 2233 1548 2268; x_wconf 79' lang='lat' dir='ltr'>uindemiator</span> 
     </span>
     <span class='ocr_line' id='line_1_38' title="bbox 205 2279 1548 2324; baseline -0.001 -8"><span class='ocrx_word' id='word_1_326' title='bbox 205 2281 257 2324; x_wconf 80' lang='lat' dir='ltr'>vf</span> <span class='ocrx_word' id='word_1_327' title='bbox 265 2281 300 2316; x_wconf 89' lang='lat' dir='ltr'><strong><em>V</em></strong></span> <span class='ocrx_word' id='word_1_328' title='bbox 312 2279 548 2315; x_wconf 88' lang='lat' dir='ltr'>uindemator</span> <span class='ocrx_word' id='word_1_329' title='bbox 563 2309 569 2315; x_wconf 88' lang='lat'><strong>.</strong></span> <span class='ocrx_word' id='word_1_330' title='bbox 587 2309 593 2315; x_wconf 88' lang='lat'><strong>.</strong></span> <span class='ocrx_word' id='word_1_331' title='bbox 611 2309 617 2315; x_wconf 93' lang='lat'><strong>.</strong></span> <span class='ocrx_word' id='word_1_332' title='bbox 637 2281 887 2317; x_wconf 82' lang='lat' dir='ltr'>uindemiator</span> <span class='ocrx_word' id='word_1_333' title='bbox 906 2281 952 2315; x_wconf 85' lang='lat' dir='ltr'>bc</span> <span class='ocrx_word' id='word_1_334' title='bbox 1045 2292 1119 2315; x_wconf 88' lang='lat' dir='ltr'>non</span> <span class='ocrx_word' id='word_1_335' title='bbox 1133 2301 1178 2305; x_wconf 95' lang='lat'><strong>—</strong></span> <span class='ocrx_word' id='word_1_336' title='bbox 1191 2279 1427 2315; x_wconf 87' lang='lat' dir='ltr'>uindemator</span> <span class='ocrx_word' id='word_1_337' title='bbox 1445 2291 1511 2316; x_wconf 83' lang='lat' dir='ltr'>om.</span> <span class='ocrx_word' id='word_1_338' title='bbox 1527 2282 1548 2321; x_wconf 81' lang='grc' dir='ltr'>ζ</span> 
     </span>
     <span class='ocr_line' id='line_1_39' title="bbox 206 2327 1309 2373; baseline -0.002 -10"><span class='ocrx_word' id='word_1_339' title='bbox 206 2328 333 2372; x_wconf 84' lang='lat' dir='ltr'>(solum</span> <span class='ocrx_word' id='word_1_340' title='bbox 360 2327 642 2362; x_wconf 84' lang='lat' dir='ltr'>‘uindimiator’</span> <span class='ocrx_word' id='word_1_341' title='bbox 670 2329 800 2373; x_wconf 70' lang='lat' dir='ltr'>exhe&#39;b.)</span> <span class='ocrx_word' id='word_1_342' title='bbox 895 2327 986 2372; x_wconf 90' lang='lat' dir='ltr'>non]</span> <span class='ocrx_word' id='word_1_343' title='bbox 1011 2328 1135 2362; x_wconf 90' lang='lat' dir='ltr'>autem</span> <span class='ocrx_word' id='word_1_344' title='bbox 1159 2338 1234 2362; x_wconf 86' lang='lat' dir='ltr'>non</span> <span class='ocrx_word' id='word_1_345' title='bbox 1258 2327 1309 2371; x_wconf 78' lang='lat' dir='ltr'>bf</span> 
     </span>
    </p>
   </div>
  </div>
 </body>
</html>
