1626 2524
113 749 159 782 10

113 1056 158 1088 15

110 1445 158 1478 20

186 88 274 131 314
621 87 784 126 SOHOL.
798 88 846 125 Γ’
855 89 956 126 VIN
979 89 1091 126 HOR.

185 201 324 240 dicunt
352 202 476 240 imum
506 202 678 250 breuem,
708 201 781 240 alii
812 195 930 254 (cons.
949 196 1107 254 Pmph.)
1139 201 1181 240 in
1211 204 1385 241 extrema
1412 203 1527 252 parte

185 260 271 299 ludi
299 262 492 310 positum3
524 261 593 309 qui
624 273 713 299 cum
742 272 895 311 ungues
926 262 966 299 et
996 261 1160 311 capillos
1191 263 1232 299 et
1255 257 1420 313 [multa]
1446 261 1527 300 alia

184 318 361 358 membra
396 319 494 358 bene
531 320 738 369 formaret,
774 320 818 357 in
852 320 1093 370 perfectione
1124 321 1279 359 statuae
1309 319 1526 360 deficiebat.

184 377 262 416 Hic
292 390 385 429 ergo
416 378 530 418 docet
559 378 659 416 nihil
689 380 870 428 oportere
900 379 1033 417 deesse
1062 381 1202 429 poetae
1232 374 1418 432 (P'oech'

304 444 381 488 34.
413 447 439 498 ξ
453 449 597 487 Totum
629 443 730 502 (σζ)]
771 449 880 488 Idest
909 449 1026 488 finem
1056 450 1128 488 aut
1156 451 1403 488 uenustatem
1435 462 1526 488 con-

184 509 468 547 summationis.
537 508 742 546 Interdum
784 509 890 546 enim
931 508 1110 547 uidemus
1153 509 1309 560 singula.
1349 508 1526 547 membra

184 566 394 606 artificiose
435 567 542 606 facta
584 569 624 606 et
665 568 789 605 totius
832 568 960 616 operis
1002 567 1171 606 formam
1207 567 1367 606 minime
1402 567 1526 617 placi-

182 627 326 664 turam.
378 625 421 664 Si
451 627 581 675 uelim,
612 627 756 676 inquit,
787 626 955 665 scribere
987 626 1150 676 aliquid,
1180 627 1303 665 nolim
1327 627 1417 665 huic
1441 639 1525 665 esse

184 685 344 734 similis,
381 685 450 723 sed
484 686 612 736 magis
649 685 740 724 uolo
771 698 833 724 me
863 685 1070 735 pulchrum
1102 698 1183 724 esse
1214 687 1339 736 nigris
1369 685 1524 735 capillis

185 745 225 782 et
255 744 378 782 oeulis
410 756 499 782 cum
528 746 634 782 torto
665 756 779 792 naso,
821 757 941 794 quam
971 745 1139 783 scribere
1168 757 1326 794 poema,
1357 746 1421 783 cui
1452 745 1525 782 ali-

184 803 279 852 quid
311 803 420 841 deest
451 797 578 856 (F'af
587 803 667 850 Ῡοζ

301 872 477 912 *Alitert
526 873 721 923 quomodo
764 873 856 913 nolo
893 886 955 911 me
991 876 1104 924 parte
1141 873 1314 923 quadam
1351 875 1525 924 corporis

179 918 453 971 'foedissimum
490 944 571 971 esse
609 934 649 970 et
678 932 842 982 reliquis
873 933 1138 982 splendidum⁷
1175 932 1243 972 sed
1273 934 1399 984 magis
1430 935 1524 982 opto

183 1003 263 1029 una
292 992 448 1043 integra
478 1003 560 1030 esse
591 991 736 1041 specie,
766 993 824 1029 ita
855 992 984 1030 enitor
1014 993 1121 1030 omni
1150 1004 1212 1030 me
1242 993 1422 1041 poemate
1452 1004 1527 1042 par

184 1050 322 1099 uideri,
353 1051 465 1088 nulla
495 1052 538 1088 in
567 1052 680 1100 parte
713 1050 761 1089 ab
794 1051 873 1088 alia
904 1051 1128 1100 discrepans
1160 1046 1229 1102 (Γ’
1229 1066 1254 1088 α
1261 1052 1286 1098 f
1286 1062 1305 1089 c
1312 1051 1334 1098 ζ

185 1174 258 1232 (ed
296 1115 713 1232 ῗῧὲὸἷῦοηιροηθτθ
763 1115 844 1174 (b)]
925 1120 1178 1171 Comparare,
1233 1124 1277 1159 ut
1332 1121 1524 1172 Virgilius

254 1206 267 1216 f.
329 1209 338 1228 ,
448 1209 457 1218 .

398 1273 461 1311 Sic
493 1274 627 1323 paruis
658 1285 890 1322 componere
920 1286 1065 1324 magna
1096 1274 1269 1312 solebam
1301 1269 1423 1328 (P'ab

303 1374 379 1418 35.
407 1374 483 1418 36.
516 1377 541 1428 ξ
557 1379 599 1417 Si
631 1379 726 1428 quid
754 1391 984 1429 componere
1010 1392 1152 1426 eurem,
1183 1392 1262 1418 non
1287 1381 1414 1430 magis
1439 1392 1523 1419 esse

182 1437 303 1476 uelim
335 1432 436 1491 (οζ)]
493 1437 537 1475 Si
574 1450 652 1486 me,
691 1438 839 1487 inquit,
876 1438 967 1477 huie
999 1438 1111 1476 fabro
1142 1439 1316 1477 conferre
1347 1439 1522 1486 uoluero,

184 1509 249 1535 ero
280 1497 444 1535 dimidia
475 1498 647 1546 corporis
678 1499 791 1547 parte
820 1497 1020 1544 ridendus⁷
1051 1493 1116 1548 [ut
1138 1499 1292 1546 partem
1317 1497 1522 1536 ridendam

182 1552 378 1607 habeam‚]
422 1557 604 1605 quamuis
641 1556 861 1595 laudandus
898 1555 1210 1605 spectandusque
1248 1558 1323 1594 sim
1359 1557 1400 1594 in
1431 1557 1523 1605 alia,

182 1614 285 1654 idest
319 1615 422 1654 hune
459 1627 521 1653 me
558 1627 640 1653 esse
676 1615 785 1664 nolo,
825 1615 929 1653 idest
964 1615 1055 1653 huie
1092 1615 1231 1653 similis
1263 1627 1345 1654 esse
1375 1627 1523 1664 recuso,

183 1674 289 1723 quod
318 1674 513 1723 perfectus
544 1686 622 1712 non
654 1676 713 1712 est
745 1668 995 1727 (F'abt'ch

303 1860 321 1891 1
348 1855 479 1903 imum]
505 1868 617 1891 vnum
636 1867 655 1892 c
673 1866 739 1892 om.
760 1857 780 1898 ζ
873 1860 893 1890 2
919 1855 1097 1901 positum'
1106 1855 1186 1891 ludi
1204 1858 1250 1898 εζ
1341 1856 1520 1902 positum]

182 1904 295 1939 om.V
384 1902 503 1938 multa
527 1914 594 1939 om.
614 1906 659 1945 οζ
757 1907 778 1937 4
804 1902 928 1949 docet]
955 1904 1048 1938 dicit
1072 1906 1117 1945 σζ
1215 1908 1235 1937 5
1261 1903 1359 1937 idest
1378 1923 1421 1929 -
1441 1903 1522 1947 pla-

184 1950 358 1996 cituram]
384 1962 450 1986 om.
472 1964 496 1984 α
617 1954 638 1984 8
665 1950 808 1994 aliquid
834 1950 993 1984 scribere
1017 1951 1041 1993 s
1050 1951 1125 1992 ch
1147 1950 1305 1984 scribere
1332 1963 1355 1984 α
1451 1950 1520 1984 ali-

182 1997 266 2041 quit
291 1999 326 2031 Γ
434 1996 550 2032 nolim
572 2019 614 2022 —
635 1997 754 2043 deest]
781 1998 892 2032 mmV
1005 2001 1025 2030 9
1052 1998 1108 2031 set
1132 2011 1153 2041 γ
1259 1996 1428 2041 pulcrum
1452 2010 1473 2041 y

185 2047 228 2078 10
260 2055 343 2078 oum
374 2045 488 2090 torto]
520 2045 557 2079 et
589 2056 672 2079 oum
703 2046 801 2079 torto
826 2046 847 2085 ζ
881 2045 919 2078 et
943 2045 1110 2078 contorto
1136 2055 1154 2078 c
1295 2042 1431 2087 aliquit
1454 2056 1474 2079 r

185 2094 227 2125 11
255 2091 352 2126 desit
376 2094 421 2132 εζ
533 2095 575 2126 12
601 2091 802 2137 quomodo]
828 2101 894 2126 om.
914 2093 959 2132 οζ
1065 2094 1107 2125 13
1133 2090 1387 2125 foedissimum
1412 2090 1521 2135 (fedz)

183 2148 263 2172 esse
288 2138 430 2184 yocfcg]
457 2149 537 2173 esse
561 2137 816 2173 foedissimum
841 2150 890 2173 rv
985 2139 1041 2172 set
1061 2151 1081 2182 y
1178 2141 1221 2171 14
1246 2138 1336 2183 una]
1356 2140 1476 2179 omeg‘

183 2194 241 2218 me
272 2186 443 2228 poemate
467 2196 537 2230 par
564 2185 613 2231 Γ]
640 2196 721 2220 meo
747 2186 917 2230 poemate
941 2194 1010 2228 par
1034 2197 1055 2219 v
1085 2195 1143 2218 me
1168 2186 1338 2228 poemate
1364 2186 1469 2228 parte
1495 2197 1520 2218 α

182 2241 241 2265 me
275 2233 446 2274 poemate
470 2233 495 2275 f
518 2234 630 2277 poeta
661 2234 786 2278 (poeta
810 2234 840 2276 ζ)
871 2233 976 2276 parte
1001 2234 1046 2272 σζ
1186 2234 1228 2265 15
1254 2230 1317 2276 ab]
1344 2241 1410 2265 om.
1430 2234 1475 2272 οζ

185 2281 227 2311 16
253 2278 442 2325 uirgilius]
468 2289 534 2314 om.
557 2280 613 2314 rb
711 2283 753 2313 21
779 2280 822 2313 ut
839 2298 886 2304 --
904 2277 1076 2323 habeam]
1103 2278 1168 2311 del.
1189 2277 1313 2322 Pauly
1409 2282 1453 2312 22
1479 2278 1519 2312 in

182 2323 258 2359 alia
282 2325 314 2370 ζ]
340 2325 439 2359 mala
463 2337 482 2360 c
500 2337 565 2360 om.
586 2330 661 2361 cett.
759 2329 803 2359 24
829 2325 942 2370 quod]
969 2325 1033 2368 qui
1058 2327 1127 2365 reg
1150 2336 1173 2367 q
1194 2338 1218 2358 α
1244 2335 1286 2359 eo
1312 2325 1411 2368 quod
1434 2325 1458 2368 f
