1620 2524
669 57 944 94 PRAEFATIO
1433 56 1487 92 IX

761 181 854 221 ΠΠ.

411 277 477 315 Β6
509 276 755 326 adscripto
787 277 975 314 nomine
1006 275 1209 314 Acronis

251 371 338 409 Iam
383 383 478 409 uero
523 372 557 409 si
600 371 823 420 quaeritur,
872 382 952 419 (1113
993 370 1041 408 de
1086 382 1205 408 causa,
1252 371 1494 419 quicumque

133 432 225 469 ante
255 441 327 468 nos
359 429 496 468 eadem
527 429 693 478 scholia,
733 441 833 478 quae
869 441 974 467 nunc
1006 428 1217 477 edidimus,
1255 429 1362 467 foras
1394 429 1488 467 emi-

133 489 286 538 serunt,
330 501 376 527 63.
418 489 500 527 fere
543 499 678 527 omnes
718 487 885 526 Helenio
922 488 1071 526 Acroni
1112 487 1346 536 tribuerint,
1388 487 1491 525 illud

131 548 305 598 primum
323 547 530 586 fatendum
549 548 609 585 est
630 548 708 585 nisi
731 548 774 584 in
798 548 1017 586 nouissima
1042 559 1088 585 36
1113 546 1284 585 11131163*
1310 546 1491 585 codicum

133 609 255 658 stirpe
292 607 372 655 ορζ
406 606 608 645 Acronis
645 618 812 644 nomen
848 618 928 644 non
965 618 1048 644 esse
1081 605 1293 654 traditum,
1331 618 1410 654 qua
1442 605 1492 643 de

132 680 174 705 re
205 667 248 704 in
279 666 459 716 symbola
484 664 658 704 'Gastoni
684 665 860 703 Boissier
890 665 1027 703 oblata
1059 659 1278 718 (melanges
1303 664 1490 713 Boissier,

133 725 246 763 Paris
281 720 414 777 1903)
445 738 484 774 p.
511 726 594 762 311
611 737 696 773 3(1(1.
728 723 887 762 uberius
919 723 1275 772 disputaui1nus.**

251 784 382 822 Huius
408 785 545 833 stirpis
571 785 773 821 auctorem
797 796 876 821 non
900 783 1028 821 multo
1055 784 1146 821 ante
1171 783 1370 821 saeculum
1395 781 1490 820 XIV

133 843 198 881 uel
217 843 302 890 XV,
322 843 490 881 fortasse
509 855 608 880 saec.
628 841 727 879 XIII
750 836 816 894 (cf.
837 839 925 880 mel.
946 841 1072 880 Boiss.
1094 835 1213 894 313),
1231 843 1274 879 in
1292 840 1491 879 Italia***

134 902 287 952 degisse
326 902 365 940 et
402 902 621 940 recensioni
658 913 751 939 suae
789 914 867 950 quo
902 901 1031 939 maius
1063 899 1276 938 adderetur
1304 901 1492 950 pretium,

134 962 311 1000 omnium
348 961 651 999 scholiastarum
688 960 950 998 uetustissimi
987 972 1034 998 ac
1070 959 1315 998 celeberrimi
1347 971 1492 997 nomen

133 1019 359 1070 praefixisse
398 1020 570 1067 constat,
607 1019 774 1057 Acronis
812 1019 980 1066 scilicet,
1017 1019 1065 1056 de
1103 1031 1180 1068 quo
1218 1020 1259 1056 in
1296 1019 1384 1056 uita
1418 1018 1493 1055 1113

134 1078 296 1127 Horati,
343 1090 463 1127 quam
506 1090 595 1116 cum
637 1078 679 1115 in
722 1078 812 1116 aliis
855 1077 968 1115 libris
1011 1079 1100 1115 tum
1142 1078 1185 1115 in
1226 1075 1267 1114 A
1309 1077 1492 1127 legimus,

135 1138 292 1176 disertis
320 1137 453 1176 uerbis
485 1138 676 1186 scriptum
708 1139 768 1174 est
799 1131 895 1189 (uol.
921 1136 942 1174 I
972 1150 1009 1186 p.
1037 1131 1102 1189 3):
1135 1133 1419 1174 ‘Commentati
1448 1137 1491 1173 in

134 1197 248 1234 illum
273 1197 366 1234 sunt
389 1195 651 1245 Porphyrion,
676 1195 876 1234 Modestus
902 1198 942 1233 et
965 1195 1156 1233 Helenius
1181 1195 1334 1244 Acron,
1358 1195 1492 1233 Acron

135 1254 316 1294 omnibus
356 1251 527 1293 melius?
588 1253 702 1292 Vnde
740 1254 925 1304 colligere
962 1254 1099 1292 licebit
1136 1254 1391 1292 scholiastam
1427 1250 1493 1302 A',

135 1315 207 1363 qui
248 1314 460 1351 Helenium
503 1313 699 1352 Acronem
747 1313 875 1351 multo
919 1313 1045 1362 pluris
1089 1312 1328 1351 aestimabat
1371 1324 1492 1361 quam

136 1375 298 1420 ceteros,
324 1372 500 1410 eiusdem
525 1373 827 1410 commentarios
853 1384 948 1421 prae
975 1372 1065 1410 aliis
1092 1373 1346 1420 excerpsisse3
1379 1372 1493 1410 cuius

134 1433 194 1468 rei
219 1433 496 1482 argumentum
522 1432 632 1469 extat
656 1431 767 1481 epod.
796 1432 833 1480 5,
861 1432 914 1468 25
941 1431 1011 1468 ubi
1035 1431 1154 1468 schol.
1175 1429 1214 1468 A
1229 1428 1254 1479 ἓ
1281 1424 1490 1483 (Avap)

134 1490 175 1528 id
207 1491 342 1540 ipsum
372 1490 421 1528 de
453 1489 612 1541 Sagana
644 1490 792 1528 dictum
825 1502 1068 1538 quamquam
1099 1489 1351 1528 decurtatum
1385 1489 1491 1526 exhi-

134 1549 247 1597 bent,
284 1548 388 1598 quod
426 1549 532 1598 apud
562 1549 775 1587 Helenimn
805 1548 1001 1587 Acronem
1035 1548 1165 1598 legere
1196 1560 1278 1586 sese
1310 1548 1494 1586 meminit

138 1607 389 1657 Porphyrion
421 1602 553 1660 (serm.
580 1607 599 1645 Ι
626 1608 665 1655 8,
693 1603 779 1660 25).

256 1665 333 1704 Sed
370 1667 491 1704 etiam
521 1667 607 1714 ille,
646 1667 715 1715 qui
747 1666 897 1705 scholia
928 1667 966 1703 Γ
992 1667 1242 1715 compilauit,
1281 1678 1326 1703 ex
1357 1667 1492 1703 uetere

137 1724 291 1762 Acrone
325 1725 517 1762 nonnulla
549 1725 836 1774 deprompsisse
866 1724 1042 1772 uidetur,
1081 1725 1229 1773 quippe
1261 1725 1327 1773 qui
1360 1725 1492 1773 ipsum

137 1783 276 1821 laudat
317 1783 510 1821 Acronem
555 1795 672 1822 carm.
711 1783 769 1820 IV
806 1785 843 1831 9,
877 1784 949 1821 37:
995 1780 1142 1821 ‘Acron
1184 1783 1492 1832 interpretatur:

138 1837 317 1879 Lollius’.

255 1900 396 1950 Itaque
428 1902 585 1939 etiamsi
616 1901 802 1939 uniuersa
833 1913 879 1939 63
911 1901 1077 1949 scholia,
1112 1913 1213 1949 quae
1245 1901 1306 1938 his
1337 1899 1493 1938 duobus

137 1959 404 1997 uoluminibus
448 1959 570 2008 edidi,
614 1960 665 1998 ad
707 1961 880 1998 ueterem
923 1959 1039 1997 illum
1078 1959 1273 1997 Acronem
1316 1960 1492 1997 omnium

257 2059 274 2077 *
299 2059 341 2094 In
360 2059 463 2094 nullo
483 2059 593 2094 huius
613 2059 740 2104 stirpis
761 2059 888 2094 codice
909 2059 1089 2105 epistulas
1103 2059 1179 2105 legi
1193 2059 1303 2094 modo
1318 2058 1490 2094 diximus.

139 2105 274 2159 deice
302 2118 332 2151 p
362 2106 416 2140 nil
447 2106 519 2141 nisi
552 2106 719 2141 carmina
744 2108 782 2141 et
807 2106 916 2151 epodi
943 2117 1165 2151 carmenque
1191 2105 1380 2141 saeculare
1407 2116 1491 2140 con-

140 2154 380 2234 tmengurmic
405 2212 441 2245 p.
463 2203 529 2235 311
557 2211 623 2245 pro
650 2201 758 2235 AvV
777 2199 978 2246 legendum
1003 2202 1060 2236 est
1085 2201 1193 2236 AvV

218 2245 276 2268 ”²¹³
300 2246 346 2281 cf.
373 2246 487 2282 schol.
513 2247 705 2292 proprium
736 2250 781 2289 εζ
806 2247 909 2283 Ferr.
936 2248 1044 2283 Flor.
1072 2258 1179 2283 serm.
1206 2247 1239 2281 ΙΙ
1265 2251 1298 2290 3,
1326 2249 1393 2280 248
1425 2245 1492 2281 ubi

141 2294 398 2328 castanearum
424 2293 564 2328 mentio
589 2293 631 2327 fit
837 2298 840 2300 ’
