1638 2528
612 83 763 123 EPIST.
778 83 796 119 1
814 87 871 120 19.
890 87 939 119 20
1363 83 1450 126 275

103 194 252 236 mido’:
281 197 403 236 timeo
434 209 516 237 esse
546 196 777 236 fastidimus
809 198 850 235 et
879 198 1137 246 contemptor,
1166 196 1236 235 sed
1264 196 1449 235 honestas

106 257 376 296 excusationes
407 269 568 306 quaero,
596 269 647 295 ne
675 256 839 296 recitem
869 250 1018 310 (P'ab
1029 256 1056 304 f
1069 256 1107 295 V

221 311 300 356 47.
348 316 513 355 Diludia
555 315 741 355 dicuntur
780 318 978 365 tempora,
1020 327 1121 364 quae
1161 315 1449 365 gladiatoribus

105 375 372 415 conceduntur
395 376 501 414 inter
524 375 606 414 dies
630 388 851 424 munerum,
876 374 1016 424 quibus
1041 376 1225 425 pugnant
1243 369 1407 427 (P'abf'
1416 374 1453 413 V

220 431 430 486 [Spaniam
472 435 577 473 enim
620 433 741 472 dandi
782 433 958 472 earmina
1001 434 1126 472 clamo
1169 436 1209 471 et
1250 434 1449 472 intermis-
1498 440 1520 472 5

106 495 256 533 sionem
286 494 352 532 uel
383 493 615 532 dilationem
646 493 831 531 ludorum
860 505 1036 542 exposco,
1067 494 1108 531 et
1130 492 1337 544 subiungit
1360 505 1449 531 cau-

105 565 210 603 sam,
242 566 310 592 eur
339 554 516 603 postulet
545 552 709 602 diludia,
741 552 928 602 quoniam
958 552 1120 591 excludo
1152 546 1240 606 (leq.
1265 565 1310 591 ex
1335 546 1448 605 ludo)

100 614 203 651 iram
223 607 399 666 (hydra)
413 625 459 651 ex
474 606 615 666 (leffiex
633 608 713 665 ira)
726 611 942 650 inimicicia
955 613 996 650 et
1007 611 1154 650 bellum
1167 606 1454 664 generatur(V

653 861 817 900 EPIST.
843 862 898 899 20

223 940 265 983 1.
298 944 385 983 Hac
409 945 578 994 epistola
603 945 823 994 alloquimr
848 943 994 981 librum
1021 955 1135 982 suum
1159 943 1447 992 metaphoricos
1474 950 1519 982 10

101 1005 216 1053 quasi
252 1016 336 1042 rem
366 1004 601 1051 animatam,
636 1003 864 1054 significans
892 1003 1008 1042 illum
1038 1003 1081 1041 in
1110 1002 1315 1052 publicum
1345 1002 1447 1040 uelle

100 1063 327 1112 procedere,
371 1075 411 1101 se
453 1075 547 1101 uero
588 1062 806 1112 prohibere.
874 1061 953 1100 Sed
995 1062 1112 1100 multi
1152 1061 1448 1111 reprehendunt

101 1122 226 1171 illum,
259 1134 381 1171 quare
412 1122 453 1159 in
485 1122 620 1160 ordine
653 1122 821 1160 aliarum
852 1121 1109 1171 epistolarum
1138 1121 1239 1160 hane
1269 1121 1448 1171 posuerit

102 1183 142 1219 et
183 1193 262 1219 non
302 1181 344 1219 in
380 1181 456 1219 fine
492 1182 566 1219 aut
600 1182 642 1218 in
679 1182 825 1230 capite,
868 1193 956 1219 eum
992 1193 1119 1230 neque
1157 1181 1207 1219 ad
1244 1180 1446 1218 absentem

100 1253 227 1289 neque
264 1240 314 1278 ad
350 1240 549 1279 hominem
585 1240 734 1290 scripta
771 1240 833 1279 sit.
895 1238 1071 1285 Quorum
1104 1240 1355 1290 reprehensio
1385 1252 1444 1278 re·
1473 1245 1516 1277 15

100 1300 265 1348 futatur,
297 1301 390 1349 quia
420 1301 462 1337 in
493 1299 570 1337 fine
600 1299 693 1338 libri
722 1300 858 1349 posuit
886 1299 1010 1337 illam.
1066 1299 1310 1348 Principium
1339 1299 1445 1336 enim

101 1360 141 1396 et
171 1358 260 1397 finis
290 1359 403 1397 nulla
433 1359 475 1396 in
506 1358 686 1398 omnibus
717 1358 829 1397 libris
859 1359 998 1409 regula.
1029 1359 1254 1397 continebar
1284 1352 1343 1411 (Γ
1349 1359 1374 1406 f
1381 1372 1398 1396 ε
1413 1357 1451 1397 V

98 1419 182 1456 sim.
209 1418 348 1466 Porph.

216 1477 310 1515 *Ad
358 1477 503 1515 librum
553 1489 668 1515 suum
717 1477 895 1526 loquitur
936 1478 1142 1526 tamquam
1185 1476 1236 1514 ad
1277 1489 1445 1526 pueium

98 1537 369 1585 prestaturum
401 1531 469 1589 (Γ
479 1531 598 1588 (yvb)
1469 1542 1516 1573 20

217 1595 457 1633 Vertumnus
495 1596 535 1633 et
564 1595 684 1634 Ianus
716 1595 772 1633 dii
804 1597 913 1643 sunt,
957 1595 1025 1644 qui
1055 1596 1245 1644 praesunt
1274 1572 1443 1644 negotiis

100 1655 313 1692 ementium
345 1656 384 1692 et
414 1654 680 1703 uendentium,
713 1655 803 1692 ante
836 1666 1002 1703 quorum
1032 1654 1184 1703 templa
1209 1654 1322 1691 erant
1346 1653 1445 1702 loca,

99 1714 140 1750 in
185 1712 326 1762 quibus
369 1725 456 1750 cum
500 1713 637 1751 ceteris
681 1712 797 1751 rebus
838 1714 958 1751 etiam
995 1712 1087 1750 libri
1124 1712 1283 1750 uenales
1320 1713 1443 1750 erant.

100 1771 174 1809 Per
204 1771 296 1810 deos
329 1773 461 1809 autem
492 1772 579 1810 loca
609 1771 805 1822 significat
837 1767 1048 1824 (PafEV
1069 1773 1152 1809 sim.
1179 1771 1317 1819 Porph.

216 1830 323 1869 Loca
353 1832 446 1868 sunt
475 1832 516 1868 in
547 1830 713 1879 Rostris,
743 1830 811 1868 ubi
843 1830 945 1869 Sosii
978 1831 1120 1869 fratres
1151 1829 1272 1868 libros
1301 1829 1442 1868 uende-
1469 1836 1514 1868 25

99 1888 208 1939 bant,
240 1891 284 1927 ut
316 1889 412 1927 alibi
443 1885 566 1942 (epist.
591 1889 611 1927 Ι
640 1892 676 1938 1,
703 1890 769 1928 54.
797 1884 888 1942 55):

664 1959 772 1998 Haec
803 1960 924 1999 Ianus
957 1972 1129 1998 summus
1161 1959 1210 1998 ab
1242 1960 1321 1998 imo

310 2019 502 2058 Prodocet
534 2014 665 2072 (F'ab
673 2020 698 2067 f
707 2020 740 2058 V

218 2147 237 2177 2
263 2144 325 2190 ne]
351 2145 394 2178 ut
421 2144 456 2179 V
567 2148 590 2178 4
615 2144 712 2179 inter
738 2143 872 2189 Fabs']
898 2143 937 2178 in
963 2142 1028 2179 vV
1126 2154 1162 2178 u.
1183 2142 1323 2177 49-11
1342 2146 1374 2187 2,
1396 2146 1440 2178 65

99 2189 328 2226 DEFICIT
338 2191 412 2226 eod.
422 2191 545 2226 Hom
643 2195 687 2226 12
701 2201 740 2225 se
752 2201 840 2225 uero
854 2190 917 2236 rf]
933 2189 998 2225 sed
1011 2200 1084 2235 se⁴y
1093 2189 1134 2233 V,
1147 2201 1200 2225 eu.
1213 2202 1230 2225 ε
1328 2194 1371 2226 16
1383 2190 1440 2236 111]

101 2237 130 2269 &
154 2236 193 2270 in
218 2238 282 2282 yV
386 2241 429 2272 19
455 2238 562 2282 quasi
588 2238 608 2273 b
716 2242 758 2272 21
786 2238 887 2283 sunt]
913 2237 1064 2272 fuerunt
1088 2251 1112 2271 α
1217 2240 1262 2272 22
1289 2239 1376 2272 ante
1395 2258 1440 2263 —

101 2282 285 2328 signifieat
307 2296 374 2319 om.
396 2298 420 2319 α
517 2289 560 2320 23
587 2285 701 2320 etiam
719 2286 768 2328 τί
769 2286 810 2320 Ε
826 2285 978 2331 Porph]
997 2295 1062 2320 om.
1084 2298 1104 2329 y
1116 2285 1149 2320 V
1240 2288 1284 2320 25
1303 2285 1439 2320 uende-

100 2329 207 2376 bant]
234 2331 455 2368 deridebant
481 2333 516 2368 V

1159 2391 1227 2425 18*
