1592 2500
565 585 993 640 PRAEFATIO

765 695 796 732 Ι.

560 791 624 828 De
656 790 937 828 recensione
969 787 994 837 ἓ

221 885 655 924 Pseudacronianorum
705 884 944 923 scholiorum
993 883 1187 932 optimam
1230 882 1458 932 antiquissi-

101 957 285 994 mamque
322 946 590 983 recensionem
621 943 754 982 codice
784 942 965 980 Parisino
996 941 1036 979 A
1067 941 1263 980 contineri
1295 943 1458 991 eiusque

103 1006 303 1042 auctorem
335 1006 427 1042 ante
458 1003 633 1041 medium
662 1002 847 1051 quintum
873 1001 1074 1039 saeculum
1098 1002 1141 1038 in
1165 1000 1287 1038 Italia
1312 1001 1458 1040 uixisse

102 1064 359 1111 ueterumque
399 1074 600 1101 sacrorum
637 1061 830 1100 cultorem
866 1061 990 1098 fuisse
1026 1060 1069 1097 in
1106 1060 1286 1110 symbola
1329 1060 1459 1110 philo-

101 1121 282 1172 logorum
325 1121 592 1160 Bonnensium
637 1119 745 1169 Lips.
792 1119 1024 1157 1864—67
1070 1132 1107 1168 p.
1147 1120 1232 1157 499
1248 1131 1333 1168 sqq.
1377 1120 1459 1158 iam

100 1180 253 1229 pridem
290 1193 314 1218 a
350 1180 463 1219 nobis
500 1180 815 1218 demonstratum
851 1180 920 1217 est.
984 1177 1082 1216 Cum
1118 1178 1194 1217 hac
1227 1179 1455 1216 recensione

100 1240 281 1288 proxima
312 1239 510 1278 affinitate
540 1239 677 1277 iuncta
708 1239 803 1277 sunt
832 1237 951 1275 schol.
977 1237 1102 1285 vap
1135 1239 1175 1275 et
1205 1237 1283 1286 Γ*,
1315 1237 1384 1276 sed
1413 1238 1457 1275 in

101 1299 321 1337 carminum
351 1298 453 1337 libro
486 1300 628 1348 quarto
661 1299 701 1335 et
731 1298 774 1335 in
805 1295 940 1347 epodis
972 1298 1012 1334 et
1042 1296 1084 1333 in
1116 1296 1291 1334 carmine
1323 1308 1457 1334 saecu-

99 1357 177 1394 lari
213 1358 450 1396 scholiorum
487 1359 526 1395 Γ
559 1358 759 1395 auctorem
797 1355 947 1394 scholia
978 1349 1028 1393 A'
1061 1350 1138 1406 (=-
1170 1355 1315 1393 codicis
1347 1355 1456 1393 illius

100 1416 318 1465 archetypi,
348 1417 452 1454 unde
484 1416 603 1454 codex
634 1414 674 1453 A
699 1410 832 1468 fluxit)
864 1426 944 1452 non
975 1414 1068 1452 ante
1100 1413 1233 1452 oculos
1258 1413 1456 1463 habuisse,

99 1487 236 1512 uerum
254 1475 541 1524 Porphyrionis
565 1475 916 1524 interpretationes
941 1473 983 1510 in
1009 1485 1122 1512 suum
1148 1485 1264 1511 usum
1289 1474 1456 1511 uertisse

98 1536 273 1582 apparet.
324 1534 465 1583 Itaque
497 1535 687 1584 quoniam
719 1533 839 1571 codex
870 1530 909 1570 A
935 1532 1006 1571 sub
1031 1531 1151 1570 finem
1175 1531 1270 1569 libri
1302 1532 1458 1581 epodon

97 1591 241 1640 deficit,
271 1594 313 1630 in
345 1593 664 1642 supplementum
696 1591 929 1630 adduximus
962 1590 1113 1629 codices
1145 1585 1338 1643 v(ue11''')
1351 1591 1452 1639 ch.

96 1649 206 1695 Quae
242 1651 346 1689 ratio
384 1663 505 1700 quam
542 1651 649 1689 iusta
686 1650 823 1699 fuerit,
861 1650 962 1688 miro
1003 1661 1097 1688 casu
1134 1650 1285 1687 factum
1317 1650 1376 1687 est
1406 1651 1455 1688 ut

97 1709 212 1748 hodie
244 1709 360 1748 facile
384 1710 513 1758 possit
543 1709 816 1747 demonstrari.
881 1708 975 1746 Sero
1007 1709 1124 1756 enim,
1155 1707 1262 1757 quod
1294 1707 1452 1756 quidem

96 1769 265 1806 maxime
308 1780 370 1805 me
407 1769 534 1819 piget,
577 1770 791 1817 postquam
827 1767 1015 1805 uolumen
1051 1767 1161 1815 prius
1199 1766 1317 1805 modo
1357 1768 1454 1805 exiit

97 1839 142 1863 ex
179 1827 308 1875 prelo,
345 1828 387 1863 in
424 1826 542 1864 scidis
572 1825 957 1876 Hamburgensibus,
995 1825 1043 1864 de
1081 1825 1223 1874 quibus
1263 1825 1312 1863 cf.
1351 1838 1452 1875 quae

97 1885 264 1924 diximus
297 1886 338 1923 in
363 1885 507 1923 Horati
537 1886 666 1924 nostri
693 1897 728 1922 a.
753 1885 863 1922 1899
892 1885 989 1922 editi
1014 1885 1262 1933 praefatione
1287 1898 1324 1934 p.
1345 1884 1451 1934 XIV,

97 1943 415 1994 fragmentum
434 1944 565 1982 detexi
588 1945 692 1982 ueri
718 1943 899 1981 codicis
925 1941 963 1980 A
989 1942 1170 1981 duobus
1197 1943 1334 1981 foliis
1360 1956 1451 1981 con·-

95 2003 225 2040 tinens
257 2003 376 2041 schol.
409 2002 519 2052 epod.
548 2003 623 2054 ⁴16,
643 2003 842 2050 33—17‚
863 2002 930 2041 50.
982 2000 1067 2046 Quo
1098 2001 1155 2050 fit,
1187 2004 1233 2039 ut
1263 2003 1451 2051 exposi-

95 2061 252 2099 tiones
277 2060 316 2098 A
344 2062 386 2099 in
418 2062 545 2110 lyrica
570 2063 610 2100 et
633 2061 805 2099 iambica
830 2061 974 2099 Horati
1001 2061 1178 2098 carmina
1202 2060 1282 2098 iam
1307 2061 1450 2099 habea-

95 2132 181 2158 mus
225 2132 349 2169 paene
391 2121 578 2171 integras.
640 2120 796 2158 Desunt
833 2121 936 2158 enim
979 2119 1254 2157 tantummodo
1299 2120 1450 2169 exposi-

95 2179 222 2216 tiones
260 2180 301 2216 in
339 2178 449 2227 epod.
485 2179 551 2227 15,
574 2179 728 2226 1-16,
752 2179 804 2216 32
848 2179 888 2216 et
922 2179 988 2226 17,
1015 2178 1208 2226 51—763
1245 2180 1450 2227 praeterea

214 2302 230 2320 ‘
258 2315 278 2336 ν
292 2304 335 2346 -†-
351 2304 385 2337 Γ
405 2300 700 2346 significauimus
727 2300 823 2347 siglo
852 2300 897 2336 P‘

1188 2360 1235 2394 a*
