1638 2528
667 73 815 113 EPIS'I'.
834 73 852 108 1
870 75 892 109 2
1366 71 1452 114 221

225 189 448 240 Allegoria:
487 188 547 226 ita
577 188 623 225 tu
651 186 788 236 prodis
817 186 1058 235 uoluptates,
1088 186 1167 224 nisi
1196 185 1302 223 uitia
1331 197 1455 224 semo-

109 250 224 298 ueris,
256 249 334 286 nisi
362 248 591 297 promptum
620 248 758 296 pectus
788 248 903 284 tuum
929 245 1063 294 fuerit,
1093 245 1275 283 doctrina
1299 257 1456 294 quoque

109 311 198 358 ipsa
227 307 441 346 uitiabitur
473 301 603 359 (I‘ab
619 306 657 345 V

229 362 306 406 55.
348 362 526 416 <Sperne
557 360 831 416 uoluptates>]
887 363 964 402 Hic
994 376 1074 402 non
1104 363 1202 401 adeo
1233 362 1457 412 persuadet,

110 429 156 465 ut
186 438 432 476 spernamus,
469 423 538 463 sed
567 425 681 462 illam
711 424 827 462 debes
858 436 1059 473 spernere,
1090 423 1138 461 de
1169 436 1248 472 qua
1279 422 1459 472 sequitur
1507 429 1528 460 5

110 486 235 525 dolor.
295 485 401 523 Nam
438 486 576 522 contra
612 484 757 535 dogma
786 495 903 521 suum
933 483 1127 532 loquitur,
1167 483 1202 520 si
1233 481 1282 521 ab
1313 482 1459 531 Epicu-

110 558 268 584 reorum
299 546 406 583 secta
436 543 604 582 discedit
636 537 814 595 (F'abV

231 599 308 643 56.
341 599 512 655 <Pete>]
563 602 687 651 Pone,
717 602 821 640 idest
850 614 900 639 ne
931 613 1019 639 cum
1049 602 1276 651 pei-ueneris
1309 600 1359 638 ad
1390 612 1458 638 uo-

111 666 209 712 tum,
241 664 322 702 alia
353 665 491 712 optare
521 663 690 711 incipias
719 655 899 714 (F'abV

233 718 309 762 58.
366 722 454 760 Duo
506 720 666 760 Siciliae
714 721 895 770 tyranni,
944 719 1098 758 Falaris
1149 713 1258 772 (item
1298 713 1459 772 Porph.)
1488 725 1532 757 10

113 782 398 834 Agrigentinus
419 783 459 819 et
472 781 677 820 Dionisius
692 779 963 828 siracusanus,
983 779 1246 818 crudelissimi
1256 773 1390 831 (P'ab
1396 778 1422 826 f
1429 778 1467 817 V

234 835 310 880 59.
359 841 476 879 Nam>
501 841 579 889 ira,
625 853 725 889 quae
755 840 911 878 ratione
942 840 1062 887 caret,
1093 839 1340 878 contractum
1371 850 1463 876 con-

114 902 302 950 dempnat
334 902 374 938 et
404 901 519 949 optat
549 899 740 938 infectum
771 894 904 952 (F'af
913 899 950 937 V

234 959 343 998 Idest
367 960 478 1008 cupit
496 959 687 997 infectum
707 970 790 996 esse
808 958 894 1006 hoc,
926 957 1032 1006 quod
1050 957 1156 1006 fecit,
1188 957 1283 995 dum
1300 957 1465 1006 propter

115 1020 284 1057 nimium
315 1018 450 1056 odium
479 1030 626 1067 poenas
659 1018 784 1068 exigit
814 1018 1018 1068 grauiores
1050 1010 1279 1070 (F(ra)bV
1491 1022 1534 1054 15

234 1078 433 1127 *Antiqui
464 1077 710 1125 definierunt,
740 1077 846 1114 inter
876 1088 974 1125 quas
1002 1070 1089 1128 (leq.
1116 1070 1233 1128 quos)
1259 1076 1300 1114 et
1317 1075 1464 1113 Varro:

116 1140 217 1175 iram
250 1150 344 1175 esse·
364 1137 537 1175 subitam
568 1138 609 1175 et
637 1136 798 1174 breuem
829 1136 1132 1174 commotionem
1164 1136 1288 1173 animi
1320 1129 1365 1186 (α

238 1191 357 1234 59-
361 1191 439 1236 61.
470 1196 576 1234 Nam
605 1196 738 1234 furore
768 1195 1064 1243 committimus,
1084 1188 1202 1244 'quod
1231 1195 1293 1232 ira
1323 1194 1467 1245 flagra-

118 1268 204 1294 mus
238 1250 314 1308 (F'
327 1271 352 1293 α
370 1256 407 1294 V

238 1310 316 1354 61.
349 1314 510 1353 Sensus:
543 1315 635 1352 dum
668 1314 794 1352 adhuc
825 1314 954 1352 inulto
986 1313 1075 1351 odio
1100 1334 1150 1340 —
1172 1313 1307 1351 odium
1332 1314 1467 1351 autem
1493 1318 1538 1350 20

119 1388 191 1424 pro
223 1376 283 1413 ira
314 1375 575 1423 inpatientius
607 1374 827 1412 uindictam
857 1373 1056 1411 desiderat
1076 1395 1131 1399 —
1150 1385 1222 1422 per
1249 1373 1333 1410 uim
1358 1372 1469 1421 cupit

119 1446 266 1530 &fluas
305 1435 469 1531 erzigere.
531 1434 678 1472 Aliter:
720 1445 866 1482 poenas
904 1433 1086 1481 festinat,
1123 1434 1170 1470 ut
1206 1426 1343 1484 (Very.
1368 1429 1466 1469 Aen.

143 1511 145 1514 ⁴
201 1493 220 1530 I
246 1494 330 1530 454
360 1507 369 1531 z

298 1575 407 1614 Haec
438 1577 553 1624 pater
583 1575 734 1614 Aeoliis
764 1577 953 1625 properat
984 1573 1076 1612 dum
1108 1573 1295 1612 Lemnius
1329 1574 1408 1611 oris

125 1665 182 1722 (P
213 1670 328 1768 “gg
354 1723 430 1767 63.
486 1727 590 1766 Nam
622 1729 794 1779 animus,
837 1729 916 1766 nisi
947 1728 1182 1776 oboedierit,
1223 1727 1368 1776 incipit
1397 1727 1468 1764 im-
1496 1675 1540 1707 25

125 1800 297 1899 {erzeif
335 1787 550 1837 Imperium
593 1789 726 1825 autem
770 1788 894 1826 animi
936 1799 1090 1836 semper
1125 1785 1375 1825 intolerabile
1412 1787 1473 1824 est

249 1999 265 2029 1
294 1994 494 2030 semoueris
520 1995 630 2039 γαόν
649 1994 711 2029 alt.
732 1994 816 2040 LV]
843 1994 996 2029 semoris
1021 2005 1068 2029 rv
1087 1994 1150 2029 alt.
1172 1994 1193 2028 l.
1292 1997 1311 2027 2
1338 1994 1377 2028 et
1401 1993 1475 2030 nisi

129 2044 344 2087 promptum
369 2054 388 2077 r
548 2043 763 2087 promptum
794 2042 874 2076 rab
904 2045 946 2076 ut
976 2040 1052 2076 uid.
1074 2041 1111 2087 ν]
1149 2041 1336 2085 promtum
1367 2041 1431 2085 yV

130 2094 150 2123 6
188 2101 274 2124 nam
294 2111 339 2115 —
359 2090 482 2135 suum]
519 2100 626 2124 euafn.
647 2090 667 2124 b
811 2089 923 2133 dogm
926 2099 948 2123 a
979 2087 1043 2134 P‘]
1082 2089 1214 2122 docma
1242 2088 1276 2123 V
1307 2088 1424 2134 dignu
1450 2102 1475 2123 α

131 2147 237 2171 euan.
259 2137 279 2171 b
412 2140 433 2171 8
458 2137 569 2183 pone]
596 2147 662 2172 om.
683 2137 703 2171 b
837 2136 870 2170 i·
897 2147 944 2170 ne
970 2147 1054 2170 cum
1080 2135 1186 2181 Γαό]
1212 2145 1357 2170 mecum
1381 2149 1404 2171 ν
1427 2147 1474 2170 ne

132 2194 215 2217 cum
235 2184 268 2218 V
393 2188 433 2219 11
462 2183 738 2218 crudelissimus
756 2183 790 2217 V
913 2186 955 2217 12
982 2182 1233 2227 condempnat
1251 2183 1362 2230 Pecs]
1389 2194 1475 2218 con-

131 2231 262 2274 tepnat
287 2231 350 2266 vV
486 2234 527 2266 18
554 2232 669 2277 quod]
695 2231 844 2275 quando
869 2231 952 2266 edzt.
1091 2233 1136 2264 20
1162 2229 1297 2265 Sensus
1322 2231 1379 2265 est
1404 2244 1429 2264 α

133 2281 178 2357 ἓ
210 2283 303 2360 Ῑὲῗιεεῑ
331 2279 417 2323 ‘pro
455 2278 530 2313 ira'
563 2279 798 2322 parenthesin
829 2278 1005 2313 claudunt
1030 2277 1051 2312 b
1082 2281 1115 2313 et
1145 2281 1186 2313 ut
1215 2277 1293 2313 uid.
1314 2291 1355 2320 α,
1392 2278 1476 2313 item

175 2335 224 2359 au
265 2337 288 2360 α
