1638 2528
666 95 807 132 SERM.
821 96 856 131 11
874 100 896 131 3
1374 95 1457 138 145

111 206 287 260 sul<a>e,
318 209 360 247 in
392 221 471 259 qua
501 209 628 247 multa
659 209 867 248 conficitur
895 208 1103 248 medicina.
1158 208 1296 247 Posuit
1324 210 1459 248 autem

112 268 334 307 Anticiram
364 281 436 318 pro
467 267 738 317 medicamine,
769 268 871 307 idest
895 269 1026 308 nescio
1052 267 1086 306 si
1111 267 1238 307 omnis
1263 267 1459 307 medicina

112 328 243 368 danda
274 329 334 367 est
364 327 516 367 auaris:
547 328 862 379 magnitudinem
892 327 983 366 uitii
1015 328 1208 378 expressit
1238 322 1306 380 (οζ

230 387 401 426 *Nescio
433 400 484 426 an
517 382 597 440 (v)]
659 387 808 438 Figura.
837 385 1003 438 λιτότης,
1033 387 1136 426 idest
1166 387 1247 426 scio
1279 381 1349 439 (P'

230 447 454 496 *Anticyra
488 447 622 485 insula
652 446 922 497 Propontidis,
964 448 1006 484 in
1044 459 1125 496 qua
1160 446 1331 485 multum
1368 446 1460 485 elle·
1510 453 1530 483 5

112 506 252 545 borum
287 507 482 555 nascitur,
523 505 628 555 quod
666 506 824 555 quidem
861 505 1056 556 depellere
1093 505 1190 544 dicit
1225 506 1370 544 mentis
1399 506 1460 544 in-

113 567 275 605 saniam.
338 565 468 604 Tanta
508 567 568 604 est
603 566 728 616 igitur
765 566 958 604 auaritiae
995 565 1212 614 dementia,
1254 567 1301 603 ut
1336 565 1460 604 tofius

112 625 265 664 insulae
297 624 467 663 elleboro
500 625 632 663 sanari
663 637 742 664 non
773 625 899 675 possit
930 619 999 678 (P'
1024 636 1069 663 ex
1095 625 1234 673 Porph.

234 677 312 723 84.
345 683 370 733 ἓ
383 684 556 722 Heredes
582 682 621 722 S.
642 678 718 737 (c)]
776 683 980 723 Staberius
1007 683 1168 734 quidam
1193 683 1462 731 auarissimus,

113 756 205 782 cum
247 745 482 792 moreretur,
525 744 645 781 iussit
686 743 894 782 heredibus
931 743 1100 782 scribere
1135 744 1179 781 in
1216 755 1286 781 suo
1323 755 1462 781 monu-
1490 750 1532 780 10
1582 740 1583 745 ’

113 804 259 850 mento,
291 805 486 852 quantum
519 802 686 852 quisque
719 815 743 841 a
773 815 813 841 se
844 802 1027 841 relictum
1059 803 1274 852 accepisset
1305 796 1466 854 (1²¹ch

114 875 216 901 cons.
241 863 380 910 Porph.

235 917 312 961 87.
367 920 490 959 *Siue
535 933 607 972 ego
638 935 674 972 p.
709 915 790 974 (ν)]
850 921 937 960 Ηοο
974 920 1129 960 dicebat
1165 919 1388 970 Staberius‚
1424 921 1464 960 et

115 983 175 1019 est
209 978 458 1031 ἀντιποφορά
495 975 581 1033 (leq.
607 976 894 1034 ἀνθυποφορά)
933 993 980 1019 ex
1016 993 1184 1031 persona
1216 981 1342 1031 ipsius
1374 979 1463 1019 Sta-

115 1041 214 1078 berii
246 1034 365 1092 (ΓἘ
1491 1046 1534 1077 15

233 1094 310 1139 97.
363 1097 388 1148 ξ
403 1094 636 1150 Sapiensne]
698 1099 782 1137 Aut
830 1098 1093 1150 interrogatio
1143 1098 1340 1138 audientis
1391 1101 1464 1137 aut

116 1158 282 1197 dicentis
314 1157 512 1197 dubitatio
544 1152 614 1211 (F'
625 1158 676 1197 Vc
684 1158 705 1205 ζ

236 1212 315 1256 98.
365 1216 489 1266 §Hoc
519 1217 646 1256 ueluti
677 1212 784 1271 (νζ)]
840 1216 961 1263 Quasi
991 1218 1140 1256 uirtute
1170 1219 1331 1268 paratas
1363 1217 1464 1256 diui-

115 1277 193 1315 tias
225 1278 385 1327 putauit
416 1276 466 1314 ad
496 1278 687 1315 uirtutem
718 1277 915 1327 pertinere
947 1272 1107 1330 (F‘ch

235 1331 314 1375 99.
352 1334 456 1381 Quid
486 1337 614 1375 simile
644 1336 712 1375 isti
738 1331 819 1390 (v)]
874 1336 992 1375 Modo
1023 1336 1138 1375 docet
1167 1337 1351 1375 insanum
1383 1348 1465 1375 esse
1490 1339 1535 1374 20

117 1408 225 1444 eum,
269 1394 338 1445 qui
381 1396 588 1445 pecuniam
631 1396 800 1446 spernit,
843 1396 953 1434 cuius
996 1407 1090 1434 usus
1127 1397 1187 1434 est
1222 1395 1464 1435 necessarius

118 1448 238 1507 (F'V
254 1465 353 1492 cons.
380 1454 518 1503 Porph.

240 1508 347 1552 100.
379 1513 485 1552 *Hic
510 1514 741 1564 Aristippus
773 1513 944 1553 Graecus
971 1513 1209 1564 Cyrenaicus
1240 1513 1369 1553 dictus
1394 1516 1464 1565 est,

118 1585 208 1611 cum
245 1573 350 1611 serui
387 1574 470 1611 eius
508 1586 604 1612 auro
643 1574 776 1612 onusta
806 1574 968 1624 grauius
1000 1572 1265 1622 ambularent,
1306 1573 1412 1622 quod
1442 1586 1466 1611 a

118 1644 209 1682 rege
237 1634 482 1742 (acceperat,
529 1633 664 1681 iussit,
712 1635 758 1670 ut
807 1632 1006 1671 abicerent
1055 1632 1168 1682 quasi
1210 1632 1466 1683 impedimen·
1491 1639 1535 1669 Ξῖ)

119 1693 205 1728 tum
255 1687 311 1727 P'
324 1692 348 1738 f

241 1743 348 1788 103.
405 1748 430 1798 ἓ
444 1749 513 1787 Nil
557 1750 642 1800 agit
684 1749 906 1800 exemplum
938 1744 1018 1803 (v)]
1081 1749 1146 1787 Ad
1186 1762 1269 1788 rem
1305 1749 1467 1788 dubiam

120 1808 374 1858 aperiendam
410 1821 524 1847 nemo
562 1810 690 1847 utitur
726 1808 845 1847 dubio
877 1811 1128 1860 argument03
1169 1809 1365 1847 incertum
1396 1811 1466 1858 est,

120 1870 255 1905 utrum
285 1868 471 1916 insaniat,
504 1868 572 1917 qui
598 1867 765 1918 despicit
790 1869 976 1918 pecunias
1002 1870 1043 1906 et
1066 1867 1176 1906 nullo
1202 1867 1466 1907 moderamine

121 1928 249 1964 utitur
286 1926 335 1964 ad
373 1939 438 1965 eas
476 1926 775 1977 dispertiendus.
837 1927 890 1965 Et
927 1927 1002 1965 ait:
1047 1926 1377 1976 quemadmodum
1407 1928 1466 1965 in-
1492 1935 1537 1966 30

121 1987 226 2023 sanit
269 1987 516 2036 contemptor
558 1987 766 2036 pecuniae,
808 1987 867 2024 ita
911 1988 951 2024 et
989 1997 1142 2025 auarus.
1206 1984 1282 2024 Sed
1318 1988 1359 2025 et
1393 1986 1467 2026 hoc

240 2114 262 2144 4
288 2110 352 2156 an]
378 2122 444 2145 om.
466 2124 487 2145 ν
584 2110 659 2146 scio
685 2110 812 2146 litotes
839 2110 900 2156 ὓξ.
921 2123 943 2145 ν
1039 2114 1061 2146 5
1087 2109 1274 2157 anticyra]
1298 2121 1365 2146 om.
1388 2113 1423 2146 Γ

125 2156 283 2191 multum
303 2157 341 2203 ν]
366 2168 433 2192 om.
456 2159 491 2192 Γ
581 2162 601 2192 9
629 2158 754 2204 auarz]
779 2157 1042 2193 uoracissimus
1068 2156 1142 2192 fuit
1160 2158 1205 2200 εζ
1299 2162 1350 2203 Me,
1368 2170 1468 2193 αντι-

125 2215 278 2247 ποφορα
303 2218 324 2249 γ
350 2204 600 2250 antipophora
624 2217 672 2241 rv
698 2205 910 2250 antipofora
935 2204 975 2240 Ε
1082 2208 1125 2240 16
1151 2204 1374 2250 sapiensque
1399 2218 1421 2240 ν

126 2253 166 2284 17
188 2251 346 2286 dicentis
365 2251 428 2297 P']
449 2252 714 2299 interrogantis
726 2253 799 2294 ch‘
892 2255 938 2287 20
958 2262 1042 2287 eum
1061 2262 1142 2287 esse
1161 2252 1242 2298 yV]
1261 2263 1327 2288 om.
1347 2266 1370 2287 ν
1388 2263 1468 2288 esse

124 2308 207 2331 eum
233 2311 253 2333 r
390 2303 434 2334 24
459 2299 583 2334 onusti
607 2300 646 2346 ν]
671 2299 822 2335 honusti
847 2303 922 2335 cett.
1062 2303 1106 2334 31
1133 2299 1188 2334 ita
1207 2320 1252 2324 —
1270 2299 1468 2346 pecuniae]

124 2355 190 2378 om.
211 2346 231 2387 ζ
247 2350 397 2390 propter
420 2346 718 2382 hmnoeoteleutcm
814 2347 870 2382 ita
895 2348 934 2382 et
951 2347 985 2393 c]
1011 2348 1050 2382 et
1067 2347 1123 2382 ita
1141 2345 1220 2390 P‘f
1228 2346 1262 2382 V

194 2410 232 2436 Ps
235 2417 435 2437 nnnnnnnnnn
454 2418 590 2438 acnonu
610 2419 644 2438 nx
662 2413 847 2439 Eoum-svn.
884 2413 925 2438 11.
1213 2408 1256 2440 10
