1626 2524
579 86 646 122 DE
671 85 801 122 ARTE
825 84 1031 121 POETIOA
1393 84 1480 128 363

250 199 484 250 §Extrahat
506 193 648 253 ·(νοζ)]
680 198 789 238 Idest
818 211 897 238 non
924 199 1076 238 ‘eximat
1106 200 1146 237 et
1177 197 1361 238 detrahat
1391 199 1481 249 ipsa

132 259 268 298 fabula
299 253 370 312 (F'
385 259 466 306 7οζ

250 325 360 370 341.
393 329 418 380 ξ
434 328 643 369 Centuriae
674 331 873 369 seniorum
904 324 986 384 (v)]
1029 329 1138 369 Idest
1168 341 1278 368 senes
1308 327 1479 368 Romani

130 403 209 429 non
231 389 406 441 probant
429 391 626 439 poemata,
652 402 752 439 quae
778 391 870 428 sunt
893 389 1017 439 leuia3
1042 389 1310 428 adulescentes
1333 384 1477 440 [enim]

133 462 212 488 non
255 449 502 488 delectantur
544 449 724 488 austeris.
785 447 889 493 Quid
931 461 1025 500 ergo
1068 447 1292 487 faciendum
1335 449 1411 496 est,
1455 460 1477 485 o
1526 455 1548 486 5

132 507 299 559 poetae?
360 508 506 547 Poema
548 509 787 558 temperare,
829 509 876 546 ut
917 509 959 547 et
994 508 1197 558 uoluptati
1232 507 1382 546 seruiat
1418 507 1476 544 iu-

128 569 284 607 niorum
314 569 355 606 et
385 568 590 607 seueritati
621 567 844 606 satisfaciat
873 568 1084 606 seniorum.
1144 566 1247 606 Item
1277 567 1478 606 centuriae

127 628 343 676 seniorum,
386 628 480 677 quia
516 627 697 678 singulae
733 626 860 666 tribus
892 627 1020 666 certas
1049 625 1248 665 habebant
1279 626 1476 665 centurias

126 688 326 726 seniorum
356 687 396 726 et
426 686 627 725 iuniorum
658 680 734 739 (F‘
755 686 851 733 Vcss

248 757 390 808 §Idest
414 758 684 807 persecuntur,
710 769 810 806 quae
828 757 1049 796 utilitatem
1067 769 1147 795 non
1164 755 1323 795 habent.
1372 755 1477 795 Item
1501 763 1545 797 10

129 814 330 867 ‘expertia
353 813 499 869 frugis'
527 816 629 855 idest
652 817 827 865 inutilia,
857 817 1000 865 aliena,
1025 816 1260 855 maturitate
1286 817 1474 864 carentia,

129 876 234 916 idest
263 876 440 915 bonitate
472 876 537 914 uel
569 876 802 915 austeritate
835 869 903 929 (P'
918 875 999 922 17οζ

249 941 360 987 342.
392 945 418 997 ἓ
433 945 538 985 Celsi
566 960 605 997 p.
631 959 664 986 a.
690 960 729 996 p
756 941 832 1000 (c)]
877 945 1022 986 Sensus
1052 948 1113 985 est
1143 941 1332 998 [autem]:
1364 957 1474 985 senes

128 1007 327 1059 grauitate
353 1007 538 1046 carminis
564 1006 605 1044 et
629 1005 814 1045 dictionis
832 1005 1004 1056 pondere
1023 1005 1283 1054 delectantur,
1311 1006 1478 1044 iuuenes

128 1067 286 1105 austera
311 1067 351 1104 et
374 1066 515 1116 grauia
539 1077 619 1104 non
645 1066 791 1104 amant.
829 1065 1023 1114 Ramnes,
1054 1064 1233 1114 Luceres,
1266 1064 1473 1104 Tacienses
1500 1071 1543 1103 15

127 1125 326 1164 Romanae
358 1124 485 1163 tribus
517 1126 630 1163 erant
659 1125 738 1191 uel,
768 1125 814 1170 ut
843 1125 987 1174 uerius,
1018 1125 1171 1174 equites
1203 1118 1261 1177 (Γ
1267 1120 1279 1135 '
1293 1123 1383 1176 ch
1395 1124 1418 1171 ζ

245 1184 443 1223 *Ramnes
476 1178 557 1237 (v)]
595 1183 677 1222 Hos
709 1184 880 1223 iuniores
903 1183 1199 1274 intellegamus·
1230 1184 1344 1222 erant
1368 1184 1473 1222 enim

125 1244 197 1282 alii
227 1245 398 1282 seniores
425 1237 493 1296 (P'
501 1243 522 1282 b

245 1309 354 1354 343.
380 1312 541 1364 §Omne
566 1314 663 1353 tulit
685 1315 876 1365 punctum
902 1308 983 1368 (ν)]
1017 1271 1204 1353 Omnium
1228 1301 1472 1365 suffragium,

124 1375 301 1413 omnium
332 1373 523 1412 iudicium
553 1375 726 1412 meretur
755 1373 835 1422 ille,
867 1374 937 1423 qui
967 1375 1007 1412 et
1037 1373 1163 1413 dulcis
1195 1375 1255 1412 est
1284 1374 1326 1412 et
1348 1373 1471 1412 utilis
1499 1380 1543 1411 20

126 1430 319 1472 ‘Puncta'
361 1433 545 1472 dicuntur
581 1433 721 1483 populi
757 1433 957 1484 suffragia.
1018 1432 1121 1472 Vsus
1157 1434 1216 1472 est
1246 1432 1320 1472 hoc
1350 1432 1472 1471 uerbo

123 1494 246 1532 etiam
278 1491 412 1531 Cicero
442 1493 485 1530 in
515 1492 777 1532 Fundaniana
808 1486 902 1545 (pro
927 1493 988 1530 M.
1005 1491 1220 1531 Fundanio
1243 1492 1295 1539 fr.
1322 1492 1346 1529 5
1367 1486 1471 1544 KL).

125 1551 225 1590 Item
257 1552 389 1590 aliter:
432 1551 538 1590 solus
569 1551 759 1603 suffragia
789 1553 830 1590 et
859 1551 1052 1590 iudicium
1082 1551 1222 1601 populi
1251 1548 1364 1599 tulit,
1404 1551 1472 1600 qui

124 1612 165 1648 et
204 1610 302 1649 utile
339 1612 379 1649 et
410 1610 522 1648 dulce
553 1623 693 1660 poema
723 1610 878 1659 scribit,
914 1609 1017 1648 idest
1048 1611 1131 1660 qui'
1147 1611 1187 1648 et
1217 1609 1401 1660 prodesse
1433 1612 1472 1648 et

125 1669 320 1708 delectare
351 1670 484 1719 potest
516 1663 581 1720 (ex
597 1664 771 1722 Porph.)
820 1665 1058 1707 ‘Punctum’
1085 1671 1221 1708 autem
1244 1668 1333 1707 ideo
1359 1668 1471 1717 dixit,
1497 1675 1541 1707 25

127 1728 222 1778 quia
246 1729 302 1767 sic
327 1730 444 1766 antea
470 1729 590 1767 cereis
615 1727 804 1779 suffrag-ia
828 1727 1056 1767 ferebantur
1081 1722 1145 1780 (ex
1163 1722 1336 1781 Porph.).
1386 1727 1471 1767 Hoc

124 1800 217 1839 ergo
248 1787 363 1826 dicit:
396 1784 531 1825 ‘omne
561 1787 658 1825 tulit
688 1789 890 1836 punctum,
922 1788 991 1836 qui
1021 1788 1181 1826 miscuit
1205 1787 1303 1826 utile
1330 1784 1471 1836 dulci'‚

243 1915 263 1946 3
291 1911 458 1947 centurie
483 1924 505 1946 ν
649 1915 671 1946 5
696 1922 784 1957 ergo
810 1911 845 1958 y]
874 1922 939 1947 om.
959 1923 1009 1947 rv
1041 1911 1140 1946 enim
1168 1912 1242 1953 ch
1384 1922 1405 1946 o
1431 1912 1468 1958 y]

123 1971 191 1994 om.
211 1960 317 1995 erc
461 1961 479 1992 ’1
506 1958 598 1994 item
618 1979 661 1984 —
682 1958 884 2006 seniorum]
910 1970 976 1995 om.
999 1959 1074 2000 ch·
1097 1962 1247 2004 propter
1276 1959 1468 1994 homoeote-

124 2006 245 2042 leuton
367 2010 410 2040 10
435 2006 547 2052 idest]
574 2017 641 2042 om.
662 2020 683 2051 γ
791 2016 892 2051 pers:
914 2027 958 2032 —
978 2005 1113 2052 frugis]
1140 2016 1206 2042 om.
1227 2008 1247 2047 ζ
1346 2016 1469 2064 perse-

124 2055 288 2097 quuntur
307 2066 327 2089 r
351 2054 594 2099 persecuntur
612 2057 688 2089 cett.
788 2057 829 2088 11
850 2053 949 2088 idest
966 2055 1087 2095 0111.οζ
1183 2057 1224 2087 12
1246 2052 1307 2088 1161
1323 2051 1370 2088 Γ
1379 2053 1467 2100 ῘῙοζ]

124 2101 162 2134 et
186 2102 269 2136 edit.
288 2101 345 2137 sil.
445 2104 487 2135 13
514 2101 585 2147 est]
606 2111 673 2136 om.
694 2101 714 2136 b
811 2102 937 2136 autem
955 2101 1002 2137 rb
1024 2111 1091 2136 om.
1112 2101 1248 2145 7¹vass
1343 2104 1387 2136 15
1412 2102 1469 2135 ta-

124 2147 266 2185 cienses
292 2147 338 2183 1''‘
350 2149 399 2195 V]
426 2148 596 2183 titienses
621 2147 704 2193 (ticz
730 2149 761 2193 ζ)
780 2150 825 2190 οξ
841 2148 937 2191 edit„
963 2149 1055 2183 absc.
1077 2148 1097 2183 b
1219 2151 1261 2182 21
1289 2147 1468 2194 suffragia

125 2216 168 2220 —
189 2195 305 2242 solus]
330 2206 397 2231 om.
418 2198 438 2238 ζ
455 2199 605 2241 propter
622 2195 921 2231 homoeoteleuton
1017 2198 1060 2229 22
1086 2195 1126 2230 111
1145 2194 1269 2241 fundz]
1291 2205 1358 2230 om.
1378 2198 1424 2237 σζ

125 2245 170 2275 23
201 2242 306 2289 item]
340 2253 406 2278 om.
425 2246 473 2285 νζ
601 2242 712 2278 aliter
742 2253 808 2278 om.
829 2244 879 2284 νζ
1008 2246 1053 2277 24
1085 2241 1216 2277 scribit
1240 2242 1291 2289 Γ]
1318 2242 1468 2288 scripsit

124 2289 230 2331 vaC
322 2289 422 2325 idest
445 2302 465 2326 r
483 2290 634 2336 Porph]
661 2301 727 2325 om.
748 2303 798 2335 γν
824 2289 889 2325 sed
918 2290 995 2332 ch
1089 2293 1133 2324 27
1160 2300 1268 2324 omne
1288 2311 1331 2316 —
1351 2290 1464 2336 idest]

123 2346 189 2371 om.
211 2338 256 2378 οξ
