1626 2524
594 95 659 131 DE
683 95 814 131 ARTE
838 95 1045 132 POETICA
1405 94 1489 137 371

147 208 354 256 dederunt,
397 207 570 248 dicentes
612 208 725 247 iuxta
760 208 964 260 ignauiam
999 208 1178 258 ipsorum
1212 207 1317 246 hunc
1353 207 1492 246 ducem

145 279 258 317 posse
308 266 494 306 sufficere.
583 266 659 306 Sed
707 268 885 317 oracula,
933 279 1036 317 quae
1083 268 1364 317 promiserant,
1411 278 1492 305 non

143 327 337 366 &usta-ata
366 329 468 366 sunt.
530 327 635 366 Nam
665 327 855 377 Tyrteus‚
890 327 984 366 licet
1014 339 1176 376 corpore
1206 328 1310 368 essct
1338 324 1490 375 debilis,

145 387 304 436 scripsit
333 388 466 425 tamen
498 398 654 425 carmen
684 386 897 436 heroicum,
928 398 1006 436 quo
1037 386 1192 425 accensi
1215 384 1492 424 Lacedemonii

144 447 187 483 in
230 447 355 484 aciem
397 447 689 495 processerunt,
728 446 869 495 sicque
911 447 1004 484 sunt
1046 446 1245 484 consecuti
1281 445 1491 484 uictoriam
1539 451 1560 483 5

145 500 202 558 (Γ
208 501 218 515 ’
231 505 255 552 f
269 505 360 551 Vc}

262 563 287 613 ξ
302 560 450 615 [Aliter
458 559 487 616 z]
538 564 706 615 Tyrteus
749 575 890 614 genere
933 563 1012 602 fuit
1052 563 1324 612 Atheniensis,
1371 564 1490 614 poeta

145 624 252 662 omni
289 623 474 662 deformis
511 625 626 673 parte
661 622 937 662 membrorum.
998 622 1038 662 Is
1074 624 1226 674 primus
1262 621 1402 661 tubam
1431 622 1490 660 in-

143 684 267 732 uenit,
299 695 376 732 quo
408 683 529 721 etiam
547 681 823 721 Lacedemonii
853 682 917 721 usi
944 682 1040 722 duce
1064 683 1246 721 uicerunt
1263 681 1488 721 Messenios.

143 741 247 780 Nam
285 754 373 780 cum
409 742 595 780 diuturno
632 744 808 791 tempore
844 742 948 780 inter
977 739 1282 780 Lacedemonios
1319 743 1360 780 et
1388 740 1489 779 Mes·
1514 747 1558 779 10

144 803 272 840 senios
296 801 444 839 bellum
468 801 703 850 traheretur,
729 801 1010 839 consuluerunt
1027 799 1305 839 Lacedemonii
1329 800 1488 839 oraculo

143 860 380 910 Apollinem.
454 859 602 905 Quibus
639 872 870 910 responsum
907 860 967 898 est
1003 872 1081 898 non
1120 859 1236 899 aliter
1273 872 1338 898 eos
1374 871 1488 909 posse

142 921 318 968 uincere,
354 920 432 958 nisi
468 918 566 957 duce
602 918 836 958 Atheniensi
872 921 1106 970 pugnarent.
1168 917 1317 964 Quibus
1354 920 1488 968 postu-

144 979 319 1017 lantibus
339 978 598 1017 Athenienses
618 978 808 1028 Tyrteum
833 978 1040 1027 dederunt3
1073 980 1113 1017 et
1135 979 1195 1017 ita
1213 977 1490 1017 Lacedemonii

143 1040 336 1085 uicerunt,
368 1050 456 1076 cum
480 1037 611 1076 hostes
635 1050 761 1077 nouus
786 1037 905 1076 tubae
931 1038 1083 1077 sonitus
1106 1037 1311 1077 terruisset
1330 1033 1400 1090 (P‘
1409 1037 1491 1084 ch
1514 1043 1557 1075 15

87 1132 90 1136 .
143 1108 243 1135 cons.
267 1097 408 1145 Pomh.

262 1153 459 1206 *<Dictae
489 1168 560 1206 per
591 1156 767 1195 carmina
796 1153 948 1207 sortes>
973 1168 998 1194 a
1023 1155 1165 1194 Sibilla
1183 1157 1276 1195 sunt
1300 1150 1396 1208 (Pb,
1420 1155 1488 1194 sed

143 1216 203 1253 hic
226 1226 354 1264 paene
383 1217 483 1254 tome
513 1216 674 1254 euomuit

261 1269 372 1314 404.
403 1273 510 1312 *Via
535 1269 639 1328 (οζ)]
688 1274 819 1314 Ratio.
867 1274 954 1313 Hoc
984 1276 1060 1314 est:
1091 1273 1211 1313 etiam
1235 1274 1487 1324 philosophia

144 1335 293 1384 scripta
324 1336 384 1373 est
413 1333 591 1373 uersibus
623 1329 773 1387 (ΓΎοζ
1511 1339 1556 1371 20

260 1392 341 1431 *Et
389 1392 518 1444 grafia
566 1405 702 1444 regum
744 1387 821 1447 (c)]
880 1392 989 1432 Idest
1037 1394 1212 1432 carmina
1259 1393 1487 1432 meruerunt

144 1452 339 1491 amicitias
369 1465 507 1503 regum
539 1447 691 1504 (ΓΎοζ

260 1506 371 1551 405.
403 1506 514 1551 406.
558 1508 713 1550 ‘Ludus
746 1513 786 1549 et
814 1511 1022 1562 longorum
1053 1523 1215 1560 operum
1246 1507 1356 1549 finis'
1389 1508 1486 1548 κατὰ

143 1568 185 1608 τὸ
228 1568 323 1608 αὐτό
366 1570 484 1618 dixit,
527 1570 638 1620 quia,
682 1570 839 1620 quando
874 1570 964 1608 uult
999 1570 1146 1619 aliquis
1183 1572 1275 1619 post
1309 1569 1486 1608 laborem

142 1630 396 1678 requiescere,
426 1630 553 1667 utitur
583 1630 672 1679 lyra
703 1631 742 1667 et
773 1628 1022 1668 carminibus.
1077 1628 1130 1667 Et
1161 1632 1221 1667 est
1249 1630 1485 1678 perpetuum
1509 1634 1554 1666 25

144 1688 346 1738 epitheton
377 1700 551 1737 operum,
581 1688 685 1726 idest
715 1688 895 1726 laborum
926 1688 1181 1726 molestorum
1213 1682 1282 1739 (P'
1290 1687 1312 1725 b
1319 1687 1345 1735 f
1353 1687 1389 1726 V

262 1742 371 1786 406.
404 1745 552 1796 §Finis
585 1741 715 1799 (νεζ)]
766 1746 852 1786 Hoc
882 1748 942 1785 est
971 1749 1017 1784 ut
1047 1746 1098 1785 ad
1129 1759 1286 1785 carmen
1316 1745 1485 1785 libenter

143 1808 399 1855 operarentur
441 1807 481 1843 et
523 1818 611 1844 cum
654 1805 915 1844 delectatione
957 1817 1054 1856 opus
1099 1805 1148 1844 ad
1190 1805 1307 1844 finem
1343 1805 1484 1856 perdu-

143 1867 275 1903 cerent
306 1859 377 1916 (F'
385 1865 407 1902 b
413 1865 438 1912 f
446 1865 528 1911 ch‘

260 1922 359 1973 §Ne
389 1924 492 1962 forte
522 1937 559 1974 p.
586 1918 668 1976 (v)]
728 1923 832 1972 Ideo,
862 1919 1007 1973 inquit,
1038 1923 1267 1962 enumcraui
1295 1923 1404 1972 haec,
1434 1935 1482 1962 ne
1508 1930 1553 1962 30

143 1983 344 2022 erubescas
380 1983 519 2021 referri
554 1983 596 2020 in
634 1995 838 2021 numerum
875 1983 1098 2032 poetarum,
1140 1982 1242 2021 idest
1276 1981 1365 2021 ideo
1402 1982 1483 2021 dixi

262 2112 280 2142 1
307 2106 455 2142 illorum
522 2117 647 2142 eorum
665 2110 685 2149 ζ
707 2106 871 2152 ipsorum
889 2109 965 2142 cett.
1064 2106 1195 2141 ducem
1220 2106 1273 2141 eis
1292 2116 1400 2151 posse
1417 2106 1442 2150 f

145 2157 165 2188 2
191 2155 293 2200 sety
403 2157 421 2188 7
447 2121 568 2189 Aliter
595 2155 629 2190 V
647 2153 740 2189 Item
765 2165 784 2189 c
791 2157 810 2195 ζ
827 2164 893 2189 om.
913 2157 988 2189 cett.
1099 2157 1120 2188 8
1145 2153 1395 2189 membrorum
1419 2154 1481 2200 νζ]

143 2201 377 2236 menbrorum
402 2202 502 2238 PVc
612 2206 653 2236 11
681 2200 830 2236 oraculo
858 2200 904 2235 Γ’
919 2201 1013 2247 ch]
1040 2212 1105 2236 om.
1126 2201 1208 2236 edit.
1317 2203 1360 2235 17
1386 2211 1408 2236 a
1434 2201 1482 2235 si-

143 2247 236 2282 billa
261 2249 296 2294 y]
322 2259 389 2284 om.
409 2259 429 2283 r
534 2251 579 2283 20
605 2248 759 2295 scripta]
785 2249 992 2283 monstrata
1016 2248 1084 2291 fec
1178 2251 1221 2283 23
1247 2262 1285 2283 n:
1311 2261 1347 2283 τε
1374 2247 1479 2294 αὐτό]

143 2309 180 2329 n:
207 2308 247 2330 το
274 2308 389 2330 αυτου
413 2296 573 2331 PVom.
595 2296 645 2339 bf
760 2299 804 2330 26
830 2296 998 2342 operum]
1023 2295 1135 2331 om.V
1244 2298 1287 2330 27
1313 2295 1383 2331 hoc
1409 2296 1480 2342 est]

147 2341 186 2375 id
205 2355 226 2376 ν
323 2342 370 2376 ad
396 2343 534 2389 yva]
558 2355 582 2389 p
603 2354 633 2386 r,
653 2354 718 2378 om.
738 2344 807 2386 fec

1200 2401 1268 2436 ‘24‘
