1638 2528
209 73 298 116 280
657 72 818 109 SCHOL.
834 75 869 108 Γ
879 75 915 110 V
925 72 979 109 IN
1001 73 1113 110 HOR.

334 180 410 225 18.
441 185 626 236 Populus,
656 186 799 235 inquit,
829 185 1029 224 Romanus
1059 186 1103 224 in
1132 186 1207 225 hac
1239 186 1324 226 sola
1354 199 1396 224 re
1426 186 1553 227 iustus

212 247 253 283 et
294 246 450 294 sapiens
493 247 570 294 est,
613 244 718 294 quod
758 246 799 283 te
840 245 1016 294 praefert
1057 245 1236 284 omnibus
1272 245 1434 284 ducibus
1472 245 1552 285 suis

212 303 468 353 omnibusque
494 303 665 352 Graecis,
697 303 764 342 sed
788 303 830 341 in
854 303 940 353 hoc,
971 304 1077 353 quod
1102 305 1230 343 cetera
1254 304 1374 343 simili
1397 305 1551 344 ratione

211 375 288 401 non
319 362 523 412 ponderat,
554 363 675 402 stulte
706 364 802 414 agit,
833 363 926 401 dum
957 363 1088 400 omnia
1118 375 1223 402 noua
1253 364 1420 413 fastidit,
1451 375 1551 413 quae

163 430 183 461 5
211 434 236 459 a
265 422 392 471 poetis
423 422 648 460 scribuntur
678 423 718 459 et
748 434 848 471 quae
880 434 904 459 a
933 421 1127 461 iudicibus
1158 422 1368 472 dictantur,
1397 423 1439 461 in
1462 425 1550 461 tan-

168 474 174 489 *
210 483 299 519 tum
330 481 528 520 delectans
559 480 769 529 ueteribus,
800 483 846 519 ut
870 481 998 531 legem
1021 480 1251 530 Romanam,
1283 494 1383 531 quae
1406 483 1449 520 in
1472 481 1551 520 XII

210 539 358 578 tabulis
402 533 625 579 continetur
664 541 704 578 et
738 539 896 578 foedera
933 539 1004 578 sub
1041 540 1214 589 antiquis
1249 540 1406 592 regibus
1443 541 1551 580 facta

210 599 275 638 uel
307 611 408 649 quae
429 599 599 638 Romani
629 600 806 638 fecerunt
837 611 924 637 cum
945 598 1101 638 Sabinis
1130 599 1196 637 1101
1225 612 1314 638 011111
1343 600 1433 638 aliis
1458 613 1550 651 gen-

208 657 328 707 tibus,
359 646 507 697 libros
513 671 668 708 quoque
700 659 872 706 annales,
902 657 971 695 ubi
1000 659 1088 696 iura
1117 658 1347 708 pontificum
1376 660 1550 697 contine-

142 724 187 756 10
212 716 368 767 bantur,
399 719 440 756 et
471 719 636 768 antiqua
665 717 872 756 uolumina
902 718 1053 767 uatum,
1082 717 1186 756 idest
1214 718 1345 766 Ennii,
1374 717 1550 766 Homeri,

209 775 347 825 Neuii,
390 776 571 825 Pacuuii,
613 777 742 824 Accii,
784 776 960 825 Afranii,
1001 776 1175 815 Terentii
1211 777 1454 826 aliorumque
1490 778 1553 815 ita

207 848 280 886 pro
318 848 412 875 uero
449 837 601 886 teneat,
639 837 752 885 quasi
782 835 918 874 Musae
955 847 1002 873 ea
1037 835 1191 874 locutae
1228 837 1308 874 sint
1342 837 1384 874 in
1417 838 1551 874 monte

209 894 366 933 Albano
399 889 552 947 (FasV

330 960 408 1005 23.
451 962 726 1017 ²¹⁸<Tabulas>]
783 964 901 1016 Legis
934 960 1021 1016 (leq.
1045 962 1169 1018 leges)
1200 965 1278 1004 XII
1308 978 1407 1016 quae
1438 967 1553 1004 erant

62 1062 68 1068 ,
141 1032 185 1063 15
211 1025 253 1062 111
285 1026 436 1063 aerario
469 1019 504 1077 (ε

328 1090 405 1134 26.
456 1095 478 1118 *
485 1091 720 1147 <Annosa>]
776 1095 1036 1146 Ephexegesis
1069 1090 1126 1148 (Γ
1130 1110 1155 1133 α
1163 1096 1184 1133 b
1190 1096 1216 1143 f
1216 1109 1233 1134 ε
1241 1096 1282 1133 E

328 1160 388 1203 28
402 1177 478 1213 sqq.
530 1164 635 1204 Ordo
678 1166 887 1204 uerborum
930 1167 1005 1204 est:
1055 1167 1089 1204 si
1130 1165 1299 1204 Romani
1340 1167 1549 1216 scriptores

207 1224 356 1262 noueui
400 1224 536 1263 eadem
577 1226 731 1263 trutina
771 1226 1005 1274 pensantur,
1049 1226 1143 1274 quia
1185 1238 1361 1274 quaeque
1401 1227 1549 1275 scripta

209 1282 448 1321 Graecorum
485 1285 577 1321 sunt
613 1284 890 1332 antiquissima
925 1284 992 1322 uel
1028 1285 1197 1332 optima,
1233 1296 1311 1322 non
1348 1287 1407 1322 est
1443 1284 1549 1333 quod

137 1349 183 1380 2ο
211 1342 336 1380 multa
365 1342 585 1391 loquamur.
642 1343 695 1380 Et
725 1344 785 1380 est
814 1354 966 1381 sensus:
997 1343 1032 1380 si
1056 1342 1223 1380 Romani
1247 1345 1386 1392 poetae
1411 1343 1548 1381 eodem

208 1401 385 1439 examine
411 1402 451 1439 et
468 1400 614 1439 iudicio
634 1402 919 1449 examinantur,
945 1414 1023 1450 quo
1043 1399 1292 1449 Graecorum,
1318 1403 1373 1450 ut,
1399 1404 1548 1451 quanto

207 1460 356 1498 fuerint
392 1460 652 1509 antiquiores,
694 1461 807 1498 tanto
844 1460 924 1498 sint
959 1459 1265 1498 honorabiliores
1298 1462 1337 1497 et
1367 1460 1548 1509 cariores,

206 1518 355 1557 nouelli
385 1531 479 1557 uero
509 1520 649 1568 poetae
679 1531 750 1568 pro
782 1518 905 1556 nihilo
937 1518 1141 1567 ducantur,
1172 1519 1272 1557 nihil
1301 1521 1438 1568 restat,
1468 1521 1547 1558 nisi

206 1580 252 1616 ut
282 1590 340 1626 ea,
371 1590 471 1627 quae
502 1591 571 1627 per
601 1579 784 1616 naturam
814 1579 961 1616 mutari
990 1590 1068 1616 non
1092 1580 1270 1628 possunt,
1301 1577 1547 1629 denegemus,

327 1753 345 1783 1
376 1758 550 1783 romanus
575 1748 699 1793 inquit
722 1763 747 1783 α
867 1749 1013 1794 sapiens
1040 1751 1077 1784 et
1101 1749 1220 1784 iustus
1247 1749 1281 1783 V
1396 1753 1417 1784 5
1443 1750 1482 1784 et
1499 1769 1544 1774 ——

207 1795 414 1842 dictantur]
439 1795 550 1831 om.V
665 1795 871 1842 dictantur]
897 1808 963 1831 om.
983 1807 1004 1831 r
1122 1800 1142 1830 6
1168 1795 1357 1831 delectans
1386 1796 1455 1842 Γε]
1482 1795 1544 1831 de-

205 1843 365 1878 lectatus
393 1843 427 1878 V
447 1842 636 1878 delectant
660 1857 684 1877 α
780 1853 875 1887 quae
901 1843 981 1889 yV]
1007 1853 1102 1887 quae
1126 1843 1165 1877 in
1190 1854 1265 1878 ναε
1361 1846 1380 1877 7
1405 1842 1546 1877 tabulis

206 1890 341 1936 rocsV]
367 1889 514 1935 legibus
539 1904 560 1935 y
692 1889 760 1925 sub
784 1889 934 1935 regibus
960 1890 1124 1934 antiquis
1149 1902 1224 1925 ναε
1367 1892 1387 1924 9
1412 1889 1478 1924 ubi
1498 1910 1543 1915 -—

207 1936 454 1983 aliorumque]
490 1938 609 1973 «nescio
642 1949 693 1973 an
722 1938 808 1972 haec
837 1938 949 1972 uerba
973 1948 1044 1981 pro
1073 1937 1349 1981 interpolatimae
1377 1937 1545 1972 habenda

205 1985 280 2020 sint
382 1988 422 2018 11
451 1984 546 2018 accii
571 1984 707 2019 afranii
731 1984 898 2030 terentii]
924 1985 1036 2019 om.V
1125 1983 1219 2018 accii
1243 1984 1309 2029 roc]
1335 1983 1426 2018 actii
1450 1995 1495 2028 ys

208 2030 344 2066 afranii
380 2030 550 2066 affricani
569 2046 594 2066 α
690 2035 733 2066 12
753 2033 881 2066 teneat
898 2031 933 2077 r]
953 2032 1106 2065 teneant
1124 2031 1243 2075 yoeeV
1334 2041 1378 2064 ea
1397 2030 1545 2065 locutae

205 2078 283 2113 sint
306 2092 327 2122 y
418 2078 565 2113 locutae
591 2078 666 2113 sint
690 2079 783 2123 (ἔτ
804 2079 891 2113 sunt
914 2079 945 2122 ε)
970 2087 1015 2112 ea
1039 2089 1114 2112 ras
1255 2079 1381 2112 monte
1405 2077 1542 2111 albano

206 2125 312 2170 ysV]
339 2125 375 2159 al
403 2135 473 2160 ano
495 2127 622 2160 monte
639 2137 690 2161 roc
786 2129 830 2160 16
856 2124 1095 2170 ephexegesis
1114 2124 1149 2170 b]
1171 2123 1222 2159 ef:
1243 2128 1308 2158 aut
1332 2123 1396 2158 eff:
1415 2128 1493 2159 cett.

208 2175 251 2206 17
277 2173 335 2206 est
359 2186 412 2216 γα
432 2183 497 2207 om.
506 2173 541 2206 V
660 2175 703 2207 19
728 2172 791 2207 uel
815 2172 884 2218 yon]
910 2173 948 2206 et
974 2172 1008 2206 V
1122 2174 1167 2205 20
1192 2170 1322 2206 eodem
1340 2191 1386 2196 —
1404 2172 1448 2205 ut
1471 2171 1542 2216 γα]

206 2218 316 2253 om.V
408 2223 452 2253 22
478 2219 768 2254 honorabiliores
789 2219 831 2262 V,
854 2222 944 2254 recte
968 2232 992 2252 α
1011 2229 1105 2253 cons.
1126 2231 1147 2262 y
1243 2219 1281 2252 et
1305 2218 1463 2252 cariores
1488 2218 1541 2309 V]

206 2275 272 2300 om.
293 2278 347 2310 γα
443 2269 486 2300 24
511 2268 554 2301 ut
581 2267 632 2312 V]
657 2277 724 2302 om
744 2279 798 2311 γα
892 2275 959 2310 per
984 2265 1052 2311 γα]
1077 2267 1163 2310 post
1187 2266 1221 2300 V
1310 2265 1447 2299 mutari
1472 2278 1525 2309 γα

205 2312 351 2348 mutare
379 2313 413 2347 V
