1620 2534
645 106 919 142 PRAEFATIO
1427 109 1461 144 V

105 222 255 259 rionem
281 219 352 259 sub
382 220 706 258 commentatoris
730 220 889 258 nomine
915 219 1060 258 diserte
1085 221 1225 259 laudat
1250 233 1284 259 a.
1304 234 1342 270 p.
1366 222 1461 260 120.

105 279 329 330 Vergilium
367 278 531 317 subinde
561 278 772 317 Maronem
807 278 1006 328 nominat,
1043 279 1150 329 quod
1181 279 1341 329 quidem
1371 293 1463 320 nus-

107 351 229 388 quam
272 338 318 376 fit
358 339 401 376 in
444 337 576 376 codice
612 335 664 375 A.
730 337 814 376 Nec
856 339 984 389 magis
1027 340 1226 388 scriptura
1271 339 1464 388 Verqilias

106 398 302 447 reperitur
331 398 490 446 praeter
519 397 788 435 recensionem
817 393 879 435 A‘.

226 455 473 494 Scholiorum
511 454 536 504 ἓ
570 450 645 505 (=
665 451 718 493 Γ’
733 450 808 504 Vc)
842 456 937 494 ordo
975 457 1009 495 is
1047 458 1152 506 erat,
1188 459 1235 495 ut
1268 457 1464 506 epistulae

105 518 312 565 tamquam
357 527 498 566 agmen
540 514 770 553 clauderent
813 509 880 568 (cf.
924 515 998 565 epi.
1038 515 1079 554 H
1117 517 1155 566 2,
1189 510 1277 566 68).
1350 515 1464 555 Vnde

106 576 256 614 factum
281 576 353 622 est,
378 576 424 612 ut
446 574 544 612 haec
569 574 719 612 scholia
744 573 815 612 sub
841 574 959 613 finem
982 575 1246 624 epistularum
1265 577 1305 613 et
1322 588 1465 614 manca

108 637 148 672 et
191 635 378 683 corrupta
420 634 463 670 in
505 634 662 671 nostras
705 646 845 672 manus
882 635 1074 672 uenerint.
1138 633 1241 680 Quid
1278 635 1386 684 quod
1421 637 1466 674 in

107 695 230 742 stirpe
255 693 292 730 Z
316 687 391 746 (=
412 692 491 740 σρζ
511 692 674 730 Ferrar.
700 687 891 746 Florem.)
925 706 1059 732 omnes
1085 694 1244 733 omnino
1270 694 1466 743 epistulae

106 753 407 801 praetermissae
451 753 553 790 sunt.
620 751 698 790 Hic
740 753 866 803 igitur
908 752 1060 792 codices
1101 750 1154 791 Γ’
1192 747 1360 806 (ryv)V
1391 767 1464 803 pro

107 812 268 860 optimis
305 811 473 849 testibus
510 810 681 849 habendi
719 813 828 860 sunt,
863 813 951 860 aut,
982 812 1016 850 si
1054 812 1091 850 V
1118 811 1260 862 deficit,
1292 809 1346 849 Γ’
1377 813 1465 861 soli,

107 874 152 908 ut
183 871 257 919 epi.
281 869 322 907 Π
356 872 394 918 2,
415 869 668 919 nti—fin,
707 873 778 908 aut
807 872 846 908 Γ
856 871 899 918 V,
936 871 1006 908 ubi
1043 870 1176 910 codice
1213 886 1238 909 ν
1275 883 1466 920 caremus,

107 932 152 967 ut
183 931 258 978 epi.
283 929 303 966 I
337 928 517 967 20—11
551 930 588 976 2,
613 930 686 978 653
725 931 765 967 et
802 929 984 978 quamuis
1020 929 1063 967 in
1095 930 1276 980 epistulis
1308 943 1467 980 quoque

108 989 345 1027 scholiorum
371 984 473 1026 P'V
491 987 666 1026 indolem
697 1001 787 1026 cum
811 990 1036 1027 recensione
1063 987 1088 1038 ἓ
1113 990 1350 1039 plerumque
1376 1002 1465 1028 con-

108 1048 253 1086 sentire
290 1048 460 1094 constet,
498 1046 594 1085 adeo
632 1049 678 1085 ut
715 1048 811 1097 quin
849 1048 933 1086 illic
970 1048 1088 1087 schol.
1118 1043 1218 1087 P'V
1249 1061 1388 1087 reuera
1420 1063 1468 1087 ex

107 1108 332 1145 recensione
371 1104 396 1154 ξ
430 1105 616 1144 fluxerint
646 1107 714 1143 uix
744 1108 872 1156 possis
904 1107 1104 1156 dubitare,
1139 1109 1275 1146 tamen
1308 1110 1402 1157 quia
1433 1108 1471 1146 Z

109 1166 235 1214 deest,
265 1166 410 1203 timens
441 1164 589 1213 nequid
619 1166 767 1203 temere
797 1166 1079 1215 interpoletur,
1115 1179 1195 1204 non
1227 1179 1346 1205 ausus
1379 1179 1467 1205 sum

108 1223 351 1275 paragraphi
383 1223 525 1262 addere
557 1225 724 1275 signum.
780 1225 885 1262 Nam
914 1237 960 1263 ea
984 1226 1073 1274 ipsa
1105 1225 1151 1263 de
1184 1238 1304 1264 causa
1333 1238 1467 1264 recen-

110 1284 257 1321 sionem
289 1283 326 1319 Z
355 1295 597 1332 quamquam
627 1283 915 1322 nouissimam*
945 1284 1053 1324 haud
1086 1297 1248 1334 prorsus
1281 1297 1466 1334 spernen-

109 1342 199 1379 dam
238 1342 437 1390 duximus,
479 1343 574 1390 quia
611 1342 749 1381 multis
786 1342 1161 1392 interpolationibus
1199 1356 1245 1382 ex
1282 1344 1401 1382 schol.
1434 1346 1474 1382 Γ

109 1399 284 1439 oriundis
316 1413 395 1438 non
426 1403 613 1451 corrupta
645 1403 715 1450 est,
747 1401 788 1439 id
820 1402 925 1451 quod
957 1402 1180 1441 luculenter
1205 1402 1402 1451 docemur,
1434 1405 1469 1442 si

108 1459 201 1497 libri
238 1458 391 1508 epodon
426 1459 546 1498 finem
584 1472 876 1510 comparamus,
919 1461 988 1499 ubi
1025 1472 1075 1509 cp
1113 1463 1341 1500 constanter
1378 1475 1467 1501 cum

108 1517 180 1567 Αξ
220 1513 330 1570 (uide
367 1518 468 1556 Add.
499 1519 577 1557 uol.
597 1519 639 1556 II
668 1533 707 1569 p.
729 1514 852 1572 511),
898 1520 934 1558 V
967 1532 1060 1558 uero
1097 1514 1318 1574 (interpol.)
1351 1533 1468 1571 saepe

109 1590 196 1616 cum
229 1579 267 1615 Γ
291 1578 420 1616 facere
451 1577 641 1616 uidemus.
703 1577 921 1616 Ceterum
951 1580 1111 1617 nescio
1144 1592 1201 1617 an
1232 1580 1331 1617 fere
1363 1580 1467 1618 ubi-

110 1649 215 1685 que,
252 1636 357 1674 dum
394 1637 463 1674 vV
497 1638 776 1688 congruant,
820 1638 965 1675 etiam
1003 1638 1351 1677 deficientibus
1389 1640 1471 1687 ορζ

108 1697 159 1732 ut
184 1696 231 1732 in
256 1696 376 1744 ipsis
403 1696 724 1743 epistularum
749 1696 909 1745 libris,
935 1698 1121 1746 signum
1144 1695 1169 1744 ξ
1195 1698 1298 1735 iure
1317 1697 1468 1736 fuerit

110 1753 494 1792 adscribendum.

228 1812 509 1850 Recensionem
540 1812 576 1849 Z
611 1825 657 1850 ex
695 1812 777 1851 cod.
819 1810 880 1861 V',
917 1813 1021 1851 unde
1061 1814 1096 1851 V
1123 1815 1209 1863 ipse
1246 1814 1468 1865 descriptus

110 1873 180 1919 est,
211 1871 405 1921 originem
428 1871 595 1910 traxisse
621 1871 758 1910 multis
782 1872 879 1910 locis
906 1872 1096 1910 facillime
1119 1873 1292 1922 perspici
1315 1876 1466 1923 potest:

109 1928 294 1968 librarius
335 1930 368 1967 V
398 1930 599 1979 exemplar
636 1943 750 1969 suum
788 1931 1127 1980 scrupulosissime
1159 1932 1384 1981 descripsit,
1427 1935 1469 1971 et

111 1988 240 2036 siquid
266 1990 372 2027 certo
398 1989 527 2039 legere
552 1989 755 2038 nequibat,
780 1989 821 2027 id
847 1992 918 2028 aut
941 1990 1142 2028 timidiore
1168 1990 1339 2040 quodam
1358 1991 1468 2030 litte-

110 2058 243 2085 rarum
286 2047 407 2086 ductu
445 2049 515 2085 aut
551 2048 697 2086 litteris
736 2048 892 2097 aliquot
926 2049 991 2086 uel
1027 2049 1192 2087 uocibus
1233 2051 1388 2089 omissis
1427 2053 1468 2089 et

229 2206 246 2223 *
272 2205 359 2240 Cod.
392 2217 410 2240 c
442 2216 535 2241 saec.
562 2206 630 2240 XV
665 2206 825 2251 scriptus
857 2208 930 2250 est,
962 2207 1052 2243 item
1085 2210 1236 2244 auctore
1269 2207 1465 2244 Chatelain

113 2251 191 2286 cod.
214 2264 243 2296 p
268 2254 306 2287 et
331 2252 410 2287 cod.
437 2256 464 2294 ζ,
491 2254 728 2288 Ferrarensv's
753 2256 791 2288 et
812 2254 1055 2290 Florentium
1080 2257 1231 2290 auctore
1251 2255 1464 2292 Ramorino.

112 2299 261 2334 Ferrar.
283 2299 340 2334 est
365 2299 444 2334 eod.
465 2299 571 2334 class.
592 2300 625 2334 Π
650 2312 703 2335 nr.
726 2304 793 2335 192
813 2300 1067 2337 bibliothecae
1087 2301 1330 2346 Ferrarensis,
1356 2303 1463 2338 Flor.

113 2347 169 2379 est
194 2346 384 2380 societatis
411 2345 671 2381 Columbariae
699 2347 777 2381 cod.
804 2359 858 2382 nr.
881 2352 898 2382 1
