1620 2524
124 115 158 149 x
660 101 933 150 PRAEFATIO

122 227 384 275 interpretum
426 226 814 275 praestantissimum
855 225 1061 264 referenda
1103 237 1186 265 esse
1228 238 1276 264 ne
1313 226 1475 265 stultior

124 285 284 334 quidem
316 284 434 322 homo
465 283 582 322 hodie
612 284 834 334 putauerit,
870 286 1003 323 tamen
1033 284 1162 323 multa
1190 285 1276 322 ueri
1305 284 1472 323 Aci-onis

119 344 229 382 dicta
259 344 409 393 partim
442 343 616 393 integra,
651 343 800 392 partim
832 345 965 392 aucta,
995 344 1143 393 partim
1174 343 1378 381 decurtata
1407 343 1472 381 uel

122 403 201 440 alio
232 400 347 440 modo
379 402 537 439 uariata
566 402 610 439 in
638 402 688 440 iis
713 402 839 440 inesse
863 402 1078 441 uerisimile
1103 404 1172 440 est.
1222 400 1326 446 Quin
1351 403 1472 440 etiam

117 474 274 508 eorum,
311 472 414 509 quae
445 459 710 509 Porphyrioni
747 461 788 498 et
817 460 1083 499 Pseudacroni
1116 461 1338 499 communia
1368 462 1472 507 sunt,

119 521 276 570 partem
308 519 484 567 aliquam
515 531 560 556 ex
591 531 685 556 uero
710 518 878 557 Helenio
908 519 1065 558 fluxisse
1096 520 1291 568 suspicari
1317 518 1470 557 licebit:

119 591 213 617 nam
232 589 475 627 quamquam
493 577 806 626 Porphyrionem
831 578 986 627 aliquot
1004 578 1170 617 saeculis
1189 579 1281 615 ante
1301 577 1470 616 Pseuda-

116 649 278 676 cronem
315 633 365 673 A'
396 635 597 685 scripsisse
635 636 831 674 neminem
867 637 1017 687 fugerit
1055 632 1121 690 (cf.
1154 649 1255 685 quae
1291 636 1338 674 de
1375 635 1469 674 Por-

118 694 325 746 phyrionis
370 695 500 733 aetate
544 696 584 732 et
625 694 757 744 patria
793 696 835 732 in
871 695 1165 746 philologorum
1201 694 1469 733 Bonnensium

115 754 300 804 symbola
330 767 367 803 p.
395 754 627 792 491—499
656 755 696 791 et
725 754 767 790 in
795 753 979 792 editionis
1004 754 1143 792 Horat.
1170 754 1333 792 alterius
1357 765 1468 803 prae-

119 812 270 851 fatione
299 826 337 861 p.
363 811 570 849 LXXVIII
600 807 822 865 exposui*),
851 814 986 851 tamen
1009 813 1156 851 nostris
1181 813 1339 851 scholiis
1363 811 1469 849 haud

115 883 247 921 pauca
270 872 419 918 insunt,
445 882 545 920 quae
571 872 642 909 aut
665 869 830 909 meliora
856 873 927 910 aut
950 872 1080 909 minus
1105 871 1248 909 mutila
1271 871 1469 921 leguntur,

120 938 240 979 quam
271 929 377 980 apud
406 929 730 978 Porphyrionem.
794 929 989 975 Quoniam
1025 930 1149 981 igitur
1178 928 1398 979 Porphyrio
1429 931 1469 967 et

117 988 368 1027 Pseudacron
405 987 617 1026 admodum
651 989 739 1026 arta
775 989 1009 1040 cognatione
1045 989 1149 1026 inter
1186 1000 1227 1026 se
1269 988 1468 1026 coniuncti

114 1049 224 1096 sunt,
249 1048 352 1085 hune
378 1058 466 1084 cum
490 1046 561 1084 illo
587 1058 799 1097 congruere
823 1047 1030 1096 permultis
1056 1048 1153 1085 locis
1179 1046 1466 1094 adnotauimus,

117 1105 316 1144 interdum
353 1106 474 1143 etiam
506 1104 557 1143 ad
590 1105 875 1143 emendandum
906 1105 1189 1144 Pseudacronis
1218 1107 1371 1143 textum
1402 1117 1467 1142 ue-

117 1166 325 1203 tustiorem
355 1165 471 1202 illum
502 1163 754 1203 adhibuimus
786 1165 1050 1203 scholiastam.

768 1317 815 1355 V.

407 1410 470 1448 De
503 1412 874 1448 commentatore
908 1409 1181 1459 Cruquiano

235 1503 290 1542 At
327 1506 443 1542 erunt
484 1516 578 1542 sane
622 1505 691 1553 qui
729 1503 940 1551 mirentur,
984 1503 1089 1552 quod
1130 1500 1466 1541 ‘commentatoris

117 1559 364 1611 Cruquiani'‚
395 1575 511 1612 quem
543 1575 591 1600 ne
622 1575 721 1601 unus
753 1562 913 1611 quidem
938 1563 1114 1600 omnium
1138 1563 1295 1599 nostrae
1321 1561 1464 1599 aetatis

115 1621 408 1672 philologorum
438 1633 598 1670 prorsus
623 1632 804 1670 spernere
830 1632 947 1659 ausus
973 1623 1043 1669 est,
1074 1620 1186 1658 nulla
1210 1620 1331 1658 ferme
1357 1620 1464 1658 facta

115 1681 169 1718 sit
211 1681 370 1718 mentio.
433 1679 510 1717 Sed
551 1681 636 1717 iure
680 1692 725 1717 ex
763 1681 958 1728 apparatu
994 1680 1128 1717 nostro
1166 1678 1344 1716 exclusus
1380 1690 1463 1716 esse

115 1738 315 1788 putandus
341 1740 411 1787 est,
440 1739 585 1787 quippe
612 1738 679 1786 qui
703 1738 804 1776 nihil
829 1737 938 1776 aliud
963 1739 1022 1776 est
1046 1738 1124 1775 nisi
1147 1737 1317 1775 milliens
1342 1736 1461 1774 inter-

115 1798 253 1846 polata
284 1798 324 1835 et
354 1798 564 1834 immutata
596 1797 833 1834 scholiorum
866 1796 942 1834 ΓΖ
971 1797 1140 1846 farrago.

236 1854 429 1904 Gruquius
460 1857 543 1904 ipse
571 1856 614 1892 in
638 1855 882 1904 praefatione
909 1851 975 1891 ‘ad
999 1854 1185 1892 lectorem
1211 1848 1460 1891 beneuolum’

114 1914 263 1963 scripta
303 1913 350 2022 Bis
391 1909 730 1951 ‘commentatore’
771 1925 840 1951 suo
883 1913 979 1951 haec
1022 1914 1160 1950 narrat
1203 1906 1307 1963 (edit.
1347 1911 1458 1948 1578

108 1984 151 2020 12-
180 1985 199 2006 ιιι
227 1984 248 2005 *
275 1973 302 2009 3
331 1985 340 2008 τ

235 2026 297 2066 ‘In
335 2030 508 2078 antiquis
546 2028 836 2067 commentariis
873 2030 954 2067 iam
997 2028 1147 2077 pridem
1190 2028 1232 2064 in
1275 2029 1459 2076 quartum

110 2088 297 2135 odarum,
332 2087 476 2136 epodos
509 2088 548 2125 et
579 2089 733 2136 satyras
764 2087 972 2137 euulgatis‚
1004 2087 1127 2125 lector
1157 2085 1333 2132 candide,
1363 2097 1459 2122 non-

232 2198 248 2216 *
287 2198 384 2240 Quas
422 2197 614 2242 opiniones
651 2208 752 2232 meas
789 2208 856 2242 per
892 2196 1171 2242 Landgrafium,
1208 2195 1457 2238 Wessnerum,

113 2245 341 2287 Ftffirdeum,
380 2244 647 2289 Kiesslingium
684 2244 851 2288 aliosque
888 2243 1020 2278 harum
1055 2254 1176 2278 rerum
1213 2241 1456 2287 peritissimos

113 2291 212 2326 uiros
250 2303 323 2326 non
362 2292 481 2325 solum
519 2291 794 2335 comprobatas,
833 2290 895 2325 sed
935 2287 1048 2324 etiafn
1085 2289 1191 2323 nouis
1229 2288 1457 2333 argumentis

114 2339 260 2383 gaudeo
286 2349 365 2373 esse
391 2338 625 2372 confirmatas
