1632 2512
673 74 814 111 SERM.
827 75 845 110 Ι
857 79 878 110 2
1397 74 1456 117 23

105 190 228 238 rati03
271 190 317 227 ut
349 185 434 227 ‘hic
465 184 520 227 si'
553 187 604 226 ad
635 183 798 226 ‘uellet’
830 188 1058 239 iungamus,
1100 189 1146 226 ut
1184 187 1255 226 sit:
1299 184 1356 226 ‘si
1392 187 1458 226 hic

107 248 230 287 uellet
258 247 383 286 bonus
415 244 561 286 uideri’
595 241 676 300 (Γό
683 247 708 294 f
717 246 798 294 ch

226 314 304 358 55.
330 319 415 356 *Vt
439 318 639 368 quondam
662 318 718 358 M.
735 317 775 371 (c
796 328 900 358 cons.
910 313 967 371 ζ)]
1020 315 1145 356 Ordo:
1176 319 1222 355 ut
1246 317 1458 366 quondam,

107 378 250 428 inquit,
280 378 456 416 Marseus
488 373 640 430 (P'bcg

226 437 331 476 *Hic
372 437 548 476 Marseus
597 437 750 474 amauit
797 437 960 474 mimam
1011 435 1210 485 quandam
1254 433 1458 486 Originem
1507 441 1529 474 5

109 492 299 548 [nomine,
330 497 372 534 in
403 509 524 546 quam
552 495 839 546 patrimonium
868 507 983 534 suum
1014 490 1218 546 expendit]
1251 489 1370 546 (Γόζ

227 563 304 606 58.
349 565 374 616 ἓ
389 566 503 605 Vnde
535 561 670 620 (νοζ)]
726 566 785 604 Ex
817 579 894 616 quo
926 578 1058 605 amore
1088 567 1280 604 maiorem
1309 566 1459 615 pateris

108 627 316 665 infamiam
353 639 472 676 quam
507 626 794 676 profusionem3
837 638 930 664 nam
966 625 1027 663 uti
1062 624 1334 663 meretricibus
1368 636 1458 663 con-

108 686 272 735 ceditur,
303 698 383 724 non
415 697 546 724 amare
578 679 740 738 (Γ’Ῡσζ

227 752 304 795 59.
349 754 512 805 §Fama
543 756 693 794 malum
723 769 759 806 g.
786 768 822 804 q.
848 768 878 793 r.
904 756 933 793 t.
960 749 1037 808 (c)]
1091 754 1206 793 Vnde
1236 755 1345 793 fama
1375 767 1458 792 ma-
1485 762 1531 794 10

108 816 192 854 lum
231 816 376 863 trahit,
426 815 532 865 quod
568 815 730 865 grauius
768 815 845 862 est,
896 827 1015 863 quam
1053 813 1270 864 dampnum
1304 813 1364 852 rei
1399 813 1458 852 fa-

108 875 275 914 miliaris
308 869 377 927 (P‘
385 875 406 912 b
413 875 438 922 f
447 875 499 913 Vc
506 875 528 921 ζ

230 941 307 985 59.
335 941 414 984 60.
440 943 543 994 §An
568 944 643 982 tibi
667 944 850 983 habunde
875 958 911 994 p.
932 956 960 983 s.
982 939 1064 998 (ν)]
1115 944 1261 982 Zeuma
1287 940 1460 992 ‘uitare',

108 1005 213 1043 idest
243 1017 322 1043 non
350 1004 425 1042 tibi
450 1003 598 1042 sufficit
622 1004 751 1042 uitare
775 1015 996 1054 personam,
1026 1004 1105 1042 nisi
1129 1003 1231 1041 illud
1255 1003 1460 1052 uitaueris,

111 1064 215 1113 quod
247 1064 391 1113 ubique
423 1063 553 1112 obest3
601 1075 681 1101 non
712 1063 818 1101 enim
847 1062 1123 1101 tantummodo
1154 1062 1267 1101 obest
1295 1061 1387 1111 tibi,
1425 1062 1460 1100 si
1486 1069 1531 1102 15

112 1135 221 1161 amas
253 1125 487 1171 matronam,
519 1122 587 1160 sed
612 1123 745 1171 etiam,
776 1122 810 1161 si
836 1134 944 1160 amas
970 1122 1217 1160 meretricem
1243 1115 1342 1175 (F'b
1348 1122 1374 1169 f
1382 1121 1434 1160 Vc
1441 1121 1463 1168 ζ

229 1188 307 1233 61.
363 1192 556 1243 §Bonam
586 1193 797 1242 deperdere
828 1193 977 1231 famam
1008 1187 1111 1246 (οζ)]
1172 1191 1259 1230 Ηοο
1296 1205 1342 1230 ex
1373 1205 1459 1242 per-

112 1265 209 1291 sona.
234 1265 304 1291 sua
330 1252 427 1290 dicit
446 1251 638 1291 Horatius
663 1253 843 1303 intellegi
868 1253 1003 1291 uolens
1029 1265 1075 1290 ex
1099 1252 1222 1290 nimio
1246 1252 1462 1290 mimarum

112 1314 183 1350 aut
219 1312 468 1350 meretricum
500 1323 632 1350 amore
663 1312 799 1350 uexari
830 1311 990 1361 quidem
1021 1323 1198 1360 censum,
1235 1310 1303 1349 sed
1333 1310 1460 1349 multo

110 1372 297 1422 grauiora
328 1363 473 1409 damna
503 1371 633 1409 famae
665 1371 846 1410 accedere
878 1365 947 1424 (Γ
957 1371 1009 1410 Vc
1016 1371 1037 1417 ζ
1059 1382 1104 1409 ex
1128 1371 1269 1418 Porph.
1485 1376 1532 1409 20

230 1436 307 1481 62.
346 1441 574 1480 *Oblimare
601 1436 733 1495 (νεζ)]
788 1441 988 1491 Deterere,
1019 1454 1258 1490 consumere,
1287 1442 1461 1479 tractum

113 1513 136 1538 a
168 1498 319 1549 ‘lima’‚
352 1513 431 1550 qua
461 1501 565 1539 fabri
590 1502 755 1539 utuntur
782 1495 847 1554 (cf.
873 1495 1048 1553 Porph.)‚
1080 1502 1150 1540 aut
1174 1502 1278 1539 certe
1303 1513 1327 1539 a
1351 1500 1460 1548 limo,

112 1561 158 1598 ut
188 1561 240 1598 sit
271 1559 474 1608 obducere,
504 1562 550 1598 ut
580 1559 746 1598 dicimus
779 1560 972 1609 quaedam
1003 1560 1099 1598 limo
1128 1559 1299 1598 obducta
1323 1559 1460 1608 deper-

113 1619 190 1657 isse
225 1613 404 1667 (F'bfcg
540 1612 544 1617 ’

231 1684 307 1728 62.
340 1684 417 1728 63.
450 1688 592 1738 §Quid
623 1690 727 1728 inter
757 1691 818 1727 est
843 1684 925 1742 (v)]
979 1689 1112 1740 Negat
1136 1690 1324 1727 interesse
1350 1689 1458 1738 quic·
1484 1694 1531 1727 25

75 1774 79 1778 -
113 1760 250 1797 quam,
287 1750 419 1785 utrum
450 1749 537 1797 quis
567 1749 610 1785 in
641 1749 822 1786 matrona
853 1761 904 1787 an
935 1748 976 1785 in
1009 1748 1153 1786 ancilla
1184 1759 1235 1785 an
1266 1747 1388 1785 etiam
1417 1748 1462 1785 in

113 1806 294 1845 adultera
318 1806 534 1856 delinquat,
559 1808 715 1845 secutus
735 1807 960 1857 opinionem
980 1806 1213 1854 Stoicorum,
1240 1806 1309 1855 qui
1328 1807 1462 1845 omnia

113 1866 275 1915 peccata
304 1866 418 1916 paria
449 1877 530 1904 esse
562 1865 716 1915 dicunt3
747 1878 873 1916 neque
906 1867 1010 1903 enim
1034 1866 1092 1903 rei
1117 1865 1311 1904 admissae
1338 1878 1461 1915 quan-

232 1993 252 2025 6
284 1989 434 2025 nomine
458 1990 515 2036 οζ]
541 2000 607 2025 om.
631 1989 676 2025 Γ’
822 1989 860 2024 in
892 2000 1005 2034 quam
1025 2010 1069 2015 —-
1090 1989 1284 2036 expendit]
1311 2000 1377 2025 om.
1401 1989 1460 2034 Γ’,

112 2036 175 2072 sed
198 2037 240 2072 im
264 2050 286 2072 v
311 2037 457 2082 leqitwr:
484 2037 666 2084 Marseus]
691 2037 850 2072 Adulter
875 2037 940 2081 qui
966 2037 1006 2071 in
1024 2037 1259 2072 meretricem
1277 2037 1462 2091 originem

115 2083 383 2128 patrimonium
409 2096 516 2120 suum
541 2084 720 2130 expendit
863 2088 884 2119 8
911 2084 1179 2130 profusionem]
1206 2083 1463 2129 profusionem

114 2131 177 2166 uel
213 2130 416 2176 dampnum
453 2131 650 2166 familiaris
686 2131 742 2167 rei
769 2132 801 2166 V
943 2135 984 2166 11
1025 2131 1245 2178 dampnum]
1284 2142 1350 2167 om.
1371 2135 1416 2174 σζ

118 2181 160 2212 13
185 2178 322 2224 uitare]
350 2179 396 2213 ab
428 2178 596 2214 inferiori
621 2179 764 2214 euitare
789 2181 834 2220 σζ
976 2182 1018 2213 17
1045 2189 1090 2213 ex
1114 2189 1273 2224 persona.
1298 2189 1365 2214 sua
1390 2181 1465 2224 γεζ

117 2224 267 2272 Ροφὴ]
294 2236 338 2260 ex
363 2236 430 2260 sua
450 2237 607 2271 persona
625 2227 718 2262 er
809 2228 853 2260 20
874 2225 1011 2260 damna.
1030 2226 1090 2272 rc]
1111 2225 1235 2261 danna
1253 2228 1274 2268 ζ
1297 2226 1462 2271 dampna

116 2275 183 2307 cett
317 2272 441 2308 famae
466 2276 486 2315 ζ
502 2273 654 2327 Porph]
680 2273 779 2308 fame
804 2285 852 2308 cv
876 2272 978 2308 fama
1002 2276 1078 2308 cett.
1223 2276 1268 2308 25
1294 2273 1366 2308 int:
1393 2284 1462 2318 qu:

119 2317 163 2352 P'
176 2300 224 2354 {tc
243 2319 393 2366 Porph]
419 2320 619 2365 quicquam
644 2322 823 2356 interesse
849 2320 900 2364 bf
918 2320 1097 2355 interesse
1122 2330 1336 2366 quanquam
1361 2323 1381 2363 ζ
