1638 2528
651 84 797 121 EPIST.
818 84 854 120 11
873 88 892 120 1
1041 112 1045 120 f
1355 83 1442 127 281

100 199 273 239 dicentes
304 197 403 237 illud
435 209 517 237 esse
546 197 684 246 molle,
721 197 824 248 quod
855 197 1093 236 naturaliter
1123 196 1265 235 durum
1295 198 1373 246 est,
1404 198 1446 235 et

99 258 202 297 illud
232 257 386 307 durum,
417 257 522 307 quod
553 257 791 296 naturaliter
819 257 938 295 molle
970 251 1177 309 (F(ya)V

220 313 297 357 28.
346 316 419 355 *Si
461 316 550 355 ideo
586 318 707 368 negat
742 316 914 366 populus
944 315 1122 354 nouellos
1152 317 1290 365 poetas
1320 315 1444 354 bonos

100 389 199 425 esse,
238 378 332 426 quia
362 388 440 414 non
472 378 564 415 sunt
595 375 770 425 antiqui,
801 372 1024 427 Gr<a>ecos
1052 387 1148 413 uero
1178 375 1319 424 bonos,
1351 375 1446 424 quia

100 438 193 475 sunt
216 437 383 485 antiqui,
407 435 465 473 nil
489 436 626 484 restat,
650 434 729 473 nisi
746 435 980 486 denegemus
1001 447 1059 484 ea,
1083 446 1185 484 quae
1204 434 1442 473 naturaliter
1491 439 1514 472 5

99 497 203 545 sunt,
231 495 335 534 idest
364 496 410 533 ut
440 507 483 533 os
508 494 618 534 oleae
642 507 723 533 non
746 493 800 533 sit
823 494 966 532 durum
990 495 1031 532 et
1053 495 1159 533 testa
1182 495 1305 543 nucis,
1336 493 1443 543 quod

99 555 341 594 contrarium
372 556 432 592 est
462 547 606 607 (Γζνε)

219 608 297 653 31.
323 613 408 651 Hoc
434 615 510 652 est:
536 615 570 651 si
593 626 673 651 non
697 613 791 651 licet
815 613 1094 662 contradicere,
1118 624 1306 663 negemus
1324 612 1446 650 etiam

100 686 164 722 ea,
207 686 308 723 quae
344 673 479 722 palam
515 672 720 722 uidentur,
762 671 867 711 idest
902 674 1041 711 contra
1071 673 1256 710 naturam
1287 683 1446 710 consen-

98 733 245 771 tiamus
278 726 389 784 (rab
395 733 422 780 f
429 732 467 771 V
1472 737 1520 768 10

219 791 379 830 Sensus:
429 792 462 830 si
505 790 776 829 mentiendum
819 792 895 840 est,
938 790 1086 840 inquit,
1129 802 1251 840 quare
1288 802 1368 828 non
1405 791 1446 828 et

98 851 195 890 haec
226 850 338 889 nobis
370 849 633 889 assumimus?
665 845 831 902 (FabV

219 904 295 949 34.
344 909 431 948 Hoc
467 911 542 948 est:
586 910 621 948 si
655 908 899 958 temporibus
936 908 1121 947 meritum
1158 909 1335 946 carmina
1365 920 1445 947 sor-

98 968 254 1007 tiuntur
297 970 337 1007 et
376 970 492 1007 erunt
528 969 631 1007 sicut
666 969 777 1017 uina,
821 968 942 1006 uelim
978 968 1093 1018 scire,
1137 968 1280 1017 quotus
1320 979 1446 1006 annus

102 1040 259 1067 carmen
290 1027 490 1066 laudabile
521 1027 669 1066 efficiat
699 1022 845 1081 (Fabf
854 1027 891 1066 V
1474 1033 1520 1065 15

219 1081 402 1126 38-51
437 1087 537 1126 absc.
561 1088 603 1125 in
623 1087 644 1124 b

218 1140 296 1186 40.
346 1145 432 1184 Hoc
464 1148 539 1185 est:
580 1145 677 1195 quid
709 1145 756 1184 de
786 1146 856 1184 illo
887 1147 1006 1196 poeta
1036 1145 1219 1193 dicimus,
1257 1145 1328 1194 qui
1357 1145 1448 1195 post

98 1205 234 1254 illum,
277 1206 347 1255 qui
384 1207 475 1244 ante
513 1207 669 1244 centum
706 1217 829 1244 annos
865 1206 1044 1243 mortuus
1081 1206 1157 1254 est,
1200 1203 1332 1243 deficit
1367 1217 1446 1243 uno

99 1267 258 1303 tantum
288 1277 419 1303 mense
450 1262 669 1314 posterior?
702 1258 816 1317 (Focf
824 1264 862 1302 V

218 1319 296 1363 45.
346 1323 474 1373 Sicut,
522 1325 671 1373 inquit,
713 1323 908 1374 paulatim
951 1323 1128 1373 carpitur
1170 1322 1296 1361 cauda
1339 1323 1443 1372 equi,
1469 1329 1518 1361 20

101 1395 303 1433 quousque
339 1385 426 1422 tota
463 1384 517 1422 sit
552 1385 745 1432 extracta,
784 1384 843 1421 ita
874 1384 914 1421 et
944 1395 1016 1434 ego
1047 1382 1244 1432 paulatim
1275 1382 1444 1420 euellam

100 1455 307 1480 numerum
338 1444 495 1481 centum
526 1454 732 1489 annorum,
763 1442 884 1480 donec
910 1441 1101 1481 subducto
1129 1453 1268 1480 aceruo
1294 1441 1448 1479 numeri

100 1501 322 1551 decipiatur
351 1502 432 1550 ille,
463 1501 532 1551 qui
561 1514 632 1551 per
662 1502 902 1540 uetustatem
931 1501 1121 1550 temporis
1146 1500 1286 1538 laudat
1309 1501 1447 1549 poetas

102 1562 141 1598 et
181 1573 338 1599 carmen
374 1562 550 1611 ipsorum
588 1563 628 1599 et
663 1557 904 1612 <a>estimat
940 1560 1130 1598 uirtutem
1161 1559 1345 1598 carminis
1376 1572 1448 1597 nu-

103 1632 211 1657 mero
243 1632 435 1658 annorum
467 1614 613 1671 (PfeV
1472 1625 1519 1657 25

220 1677 420 1728 *Crisippi
463 1678 672 1729 sillogismi
714 1680 806 1716 sunt
849 1690 915 1716 seu
953 1677 1132 1716 dominos
1170 1671 1256 1730 (leq.
1281 1676 1446 1727 pseudo-

102 1732 255 1789 menos)
300 1740 339 1775 et
382 1737 539 1785 sorites,
582 1750 649 1776 seu
692 1736 871 1775 dominos
915 1731 1001 1789 (leq.
1026 1731 1331 1789 pseudomenos)
1374 1738 1447 1785 est,

222 1865 241 1895 2
262 1861 483 1896 naturaliter
501 1860 613 1896 molle
627 1861 666 1907 α]
687 1860 909 1896 naturaliter
927 1862 985 1895 eet
1002 1860 1149 1906 111011ογ
1174 1860 1286 1895 1110110
1305 1860 1407 1895 estV

103 1911 124 1943 9
150 1919 194 1944 ea
220 1909 356 1955 Foebf]
382 1919 448 1943 om
459 1909 495 1944 V
639 1908 752 1954 idest]
779 1907 879 1952 quod
905 1908 940 1944 V
1080 1912 1121 1943 11
1128 1874 1293 1954 ysensus]
1319 1918 1449 1942 sensus

103 1957 160 1990 eet
188 1956 221 1991 V
347 1957 404 1991 est
429 1955 567 2002 inquit]
594 1955 726 2001 inquid
751 1957 808 1990 est
834 1956 868 1991 V
1006 1959 1051 1990 14
1078 1956 1116 1990 et
1140 1955 1209 2002 γα]
1235 1966 1302 1990 om.
1323 1959 1399 1990 cett.

100 2003 217 2038 uelim
236 2024 280 2028 —
302 2003 443 2038 efficiat
466 2003 535 2049 γα]
562 2014 628 2038 om.
649 2003 700 2046 bf
710 2003 758 2046 V;
782 2004 823 2038 in
847 2015 890 2038 νε
915 2003 1001 2038 haec
1025 2003 1193 2048 leyimus:
1237 2001 1287 2046 Si,
1313 2001 1447 2046 inquit

102 2052 279 2085 uenustas
305 2051 370 2094 (sic
388 2062 443 2093 γε,
469 2050 638 2085 Hauthal
658 2051 754 2094 falso
772 2051 955 2095 uetustae)
976 2051 1014 2084 et
1031 2049 1235 2084 honestas
1225 2061 1264 2084 111
1284 2049 1448 2084 carmine

103 2098 295 2141 tamquam
320 2098 359 2132 in
383 2097 472 2132 uino
497 2108 563 2143 per
587 2099 653 2141 (sic
676 2109 734 2141 νε,
758 2109 823 2132 om.
845 2097 1028 2142 Hauthal)
1052 2098 1200 2142 tempus
1225 2096 1449 2140 inquirenda

105 2145 178 2187 est,
219 2144 335 2180 uelim
373 2144 483 2187 scire,
521 2147 655 2188 quotus
693 2155 811 2180 annus
847 2143 1039 2179 laudabile
1076 2154 1224 2178 carmen
1261 2143 1402 2179 efficiat

107 2194 150 2225 17
176 2192 303 2238 poeta]
329 2203 394 2228 om.
416 2203 436 2226 r
579 2196 621 2226 21
655 2191 860 2237 quousque]
894 2191 1012 2226 donec
1036 2201 1056 2225 r
1198 2191 1251 2237 et]
1283 2202 1349 2227 om.
1372 2192 1407 2226 V

105 2241 149 2271 22
176 2248 307 2274 aceruo
332 2238 475 2274 numeri
501 2239 585 2285 yffi]
611 2239 755 2274 numeri
781 2249 914 2274 aceruo
939 2250 959 2273 r
983 2249 1116 2273 aceruo
1146 2239 1180 2273 V
1294 2241 1339 2273 23
1364 2237 1448 2284 ille]

106 2295 171 2319 om.
193 2286 258 2329 yV
367 2290 410 2321 26
436 2286 500 2320 hoc
518 2286 624 2321 schol.
644 2297 710 2321 om.
731 2286 913 2328 Hauthal,
937 2286 1070 2321 emend.
1092 2285 1154 2328 K„
1178 2286 1273 2322 stud.
1295 2285 1447 2321 Vindob.

108 2334 216 2374 1901,
236 2344 274 2377 p.
298 2336 363 2368 118
460 2337 502 2367 27
531 2334 678 2379 sorites]
704 2333 833 2368 forites
858 2334 881 2376 f
901 2333 1034 2367 soritas
1061 2335 1123 2367 Γα
