1632 2512
167 44 194 87 8
603 43 765 81 senon
778 44 827 81 r‘
837 46 873 82 V
884 45 938 80 m
959 45 1072 82 non.

285 151 361 196 57.
393 155 548 206 *Copia
578 151 687 210 (vc)]
739 156 796 195 Vt
824 158 942 207 poeta
975 152 1109 210 (Very.
1134 156 1232 197 Aen.
1258 158 1300 196 H
1320 154 1449 213 ,564):

342 239 524 289 Respicio
556 241 606 289 et,
638 252 738 289 quae
770 240 823 278 sit
852 253 914 278 me
946 240 1092 278 circum
1122 242 1248 291 copia,
1270 241 1402 281 *lustro

167 327 225 386 (Γ
231 329 279 381 'f
285 345 305 371 0
317 333 339 380 ζ

282 402 437 443 *Ordot
470 405 583 454 copia
613 405 766 454 plenior
796 406 900 444 iusto
933 401 1059 458 (γνοζ

116 470 138 502 5
282 462 470 502 *Plenior
520 458 603 515 οζ)]
658 463 786 502 Maior
816 458 965 517 (ῙὝσζ

282 521 421 561 *Iusto
447 517 548 575 (οζ]
598 522 815 572 Moderato,
839 523 1060 562 sufficienti.
1116 523 1223 562 Idest
1246 525 1352 562 ultra
1375 536 1507 574 usum3

163 581 253 630 plus
285 594 404 631 quam
435 583 592 630 oportet
623 578 742 634 (F'eg

283 646 358 691 58.
409 650 548 701 §cum
577 652 667 702 ripa
698 664 725 691 s.
757 665 792 690 a.
825 647 908 706 (ν)]
969 651 1067 691 Cum
1101 654 1311 693 securitate
1341 666 1413 693 sua
1442 655 1507 694 uel

163 723 252 749 cum
283 710 482 749 domicilio
513 711 616 750 idest
646 711 735 750 sede
766 712 918 750 auferet
942 723 1007 750 eos
1030 713 1261 761 periculum.
1311 713 1387 751 Hic
1412 714 1506 752 alle-

93 776 138 808 10
163 770 317 820 goricos
361 770 475 808 docet
510 771 646 819 paucis
684 772 911 809 contentum
946 783 1072 821 neque
1108 771 1283 810 sordidos
1321 774 1506 822 quaestus

163 829 307 867 sectari
337 841 462 878 neque
492 830 677 878 inplicari
706 830 891 879 periculis
923 826 1110 880 (F'fVeL‘

279 887 482 926 *Auulsos
514 883 617 940 (οζ)]
672 888 823 937 Raptos
854 885 1068 940 [sublatos]
1098 884 1250 942 (ΓΎοζ

280 946 474 985 *Aufidus
501 959 589 985 acer
607 941 690 1000 (v)]
720 947 891 997 Apuliae
915 948 1060 986 fluuius
1086 960 1174 986 cum
1198 949 1349 997 impetu
1367 948 1505 997 fluens,

163 1001 268 1057 [sed]
299 1019 403 1044 nunc
434 1019 505 1055 pro
536 1006 711 1056 periculo
741 1007 876 1056 posuit
908 1002 1061 1059 (P'bcg

91 1083 135 1115 15
281 1071 357 1116 59.
390 1076 575 1122 *Quanto
607 1079 667 1116 est
697 1089 794 1126 opus
827 1072 901 1130 (c)]
959 1076 1158 1123 Quantum
1189 1078 1335 1117 sufficit
1359 1073 1509 1131 (ΓΎοζ

280 1135 423 1174 *Limo
467 1130 601 1188 (νσζ)]
673 1135 749 1174 Pro
798 1149 843 1174 eo
893 1136 997 1185 quod
1046 1138 1105 1175 est
1145 1137 1378 1186 perturbata
1419 1139 1505 1176 uit⁰a

162 1189 235 1247 (1⁷¹
247 1195 333 1242 ΐθζ

281 1260 357 1304 60.
388 1264 555 1315 *Neque
586 1266 712 1303 uitam
744 1278 777 1303 a.
803 1266 845 1304 in
875 1265 990 1304 undis
1023 1260 1103 1318 (ν)]
1152 1266 1259 1304 Idest
1287 1279 1366 1305 non
1398 1266 1505 1306 cadit

159 1325 202 1362 in
245 1324 480 1373 periculum,
523 1336 594 1362 nec
634 1324 760 1367 nimia.
795 1325 898 1363 mole
935 1324 1169 1374 deprimitur
1204 1326 1341 1376 raptus
1378 1338 1504 1375 aquae

89 1389 135 1422 20
159 1383 312 1432 impetu
343 1377 493 1436 (ΓΎοζ

279 1436 357 1481 61.
388 1441 592 1491 *Decepta
623 1454 653 1480 c.
687 1436 767 1495 (ν)]
824 1442 941 1481 Falsa
971 1443 1167 1493 opinione,
1199 1443 1269 1481 aut
1298 1444 1433 1493 inepta
1464 1445 1504 1482 et

158 1501 270 1538 inani
301 1500 520 1550 cupiditate
553 1495 731 1553 (F'bfcg

278 1557 509 1610 §Cupidine
540 1559 567 1597 f.
599 1554 676 1612 (c)]
731 1559 807 1598 Pro
838 1571 895 1608 eo,
927 1559 1032 1609 quod
1063 1562 1123 1598 est
1147 1560 1248 1598 falsa
1273 1560 1499 1611 cupiditate.

137 1608 213 1656 'Et
249 1618 466 1656 notandum
504 1618 727 1668 cupidinem
764 1631 904 1669 genere
934 1618 1151 1657 masculino
1182 1631 1253 1669 pro
1284 1619 1502 1668 cupiditate
1555 1659 1559 1664 ,
1620 1643 1632 1691 ξ

89 1684 133 1716 25
159 1689 260 1715 noue
292 1677 450 1715 omnino
482 1672 583 1729 (P‘f
591 1677 672 1723 17οζ

280 1731 357 1775 62.
408 1734 433 1784 ξ
446 1735 516 1773 Nil
552 1737 648 1774 satis
687 1737 746 1774 est
781 1736 912 1785 inquit
943 1730 1025 1790 (v)]
1085 1736 1150 1775 Ita
1178 1736 1296 1774 multi
1325 1737 1502 1775 homines

159 1806 286 1844 praua
326 1794 542 1844 cupiditate
579 1796 748 1844 possessi
785 1794 937 1833 dicunt:
981 1795 1202 1845 appetenda
1238 1797 1298 1834 est
1333 1796 1502 1834 maxime

158 1854 337 1902 pecunia,
368 1854 431 1891 cui
463 1852 635 1891 defertur
664 1854 873 1904 praecipue
905 1848 1096 1906 (1⁷7ch

278 2002 297 2033 2
323 1999 482 2044 respicio
508 1999 560 2045 et]
587 2010 652 2034 om.
672 2000 696 2042 t*
831 1999 964 2045 lustro]
990 2010 1055 2034 om.
1077 2013 1098 2034 ν
1242 2003 1261 2034 9
1288 1999 1435 2035 auferat
1457 2001 1501 2043 fc

158 2045 317 2081 aufferat
341 2049 362 2088 ζ
455 2050 497 2080 11
523 2046 698 2091 inplicari
723 2046 760 2092 y]
785 2046 971 2091 implicari
989 2050 1078 2089 cett,
1112 2047 1261 2082 Vadd.:
1290 2046 1408 2081 ‘idest
1425 2057 1500 2081 non

159 2092 262 2128 cadit
291 2092 331 2127 in
355 2092 581 2138 periculum'
607 2093 692 2128 uide
717 2094 780 2128 lin.
808 2096 856 2128 18
868 2104 917 2138 sq.
1063 2096 1105 2128 12
1133 2092 1299 2129 sublatos
1323 2104 1389 2129 om.
1409 2095 1455 2135 οζ

160 2143 204 2175 13
228 2139 362 2186 fluens]
391 2150 539 2175 currens
564 2140 585 2176 b
682 2144 727 2174 14
752 2140 817 2175 sed
842 2141 887 2182 σζ
909 2151 973 2175 om.
995 2144 1070 2175 cett.
1167 2140 1280 2186 nunc]
1308 2140 1406 2176 hunc
1431 2141 1452 2175 b

160 2191 204 2222 16
230 2188 346 2233 pert:]
373 2187 593 2222 conturbata
618 2189 638 2229 ζ
659 2187 810 2222 turbata
834 2187 883 2230 rf
997 2190 1040 2222 19
1067 2186 1191 2233 depr:]
1217 2187 1385 2223 obruitur
1409 2190 1455 2229 οζ

159 2237 202 2268 21
230 2235 268 2269 et
294 2234 388 2280 Γεζ]
414 2235 480 2269 aut
504 2235 556 2277 vs
658 2237 701 2268 23
727 2234 901 2279 cupidine
925 2233 968 2280 f.]
993 2233 1049 2269 fio
1075 2245 1104 2269 c.
1130 2236 1151 2276 ζ
1250 2237 1293 2268 27
1319 2235 1499 2279 appeten—

159 2281 246 2315 dam
273 2291 351 2315 esse
376 2281 576 2316 maximam
601 2281 797 2326 pecuniam
820 2283 866 2323 εζ
958 2281 1132 2327 maxime]
1159 2281 1320 2316 maxima
1346 2282 1381 2317 V
