1626 2524
0 339 13 493 ἱ

482 70 488 78 >
548 103 613 139 DE
636 103 767 139 ARTE
791 103 997 141 POETICA
1356 106 1444 149 325

101 216 279 266 superius
309 217 516 266 praemisit
546 211 604 269 (u.
631 212 724 270 86):

276 298 504 350 Desoriptas
535 311 693 339 seruare
723 301 830 340 uices
860 313 1099 352 operumque
1129 301 1277 341 colores

101 388 175 446 (Γ
186 393 296 492 19706.
302 394 323 440 ζ
338 452 542 492 *Priuatis
575 448 709 521 (αεζ)]
765 451 972 507 [Comicis]
1003 455 1286 504 communibus,
1314 456 1444 494 iacen-

7 516 14 562 ¹.
98 511 205 551 tibus
249 512 442 561 sensibu83
478 514 600 562 quasi
642 515 747 552 enim
788 514 949 564 priuata
991 516 1083 554 sunt
1121 514 1260 563 uerba,
1302 514 1443 565 quibus
1493 523 1514 555 5

99 573 267 610 utuntur
296 571 350 620 hi,
382 573 451 621 qui
480 585 600 622 prosa
629 574 808 612 oratione
839 573 976 612 dieunt
1006 568 1076 626 (P'
1077 575 1157 620 αοζ

217 625 296 670 91.
346 629 444 680 §Ac
473 644 596 682 prope
627 644 738 671 socco
772 627 875 686 (V)]
929 633 1039 672 Idest
1066 632 1283 672 humilibus
1313 633 1443 673 uerbis

99 690 306 741 tragoedia
335 703 415 729 non
445 691 535 729 uult
565 693 707 741 exponi
737 686 806 744 (P'
822 692 859 730 V
877 693 963 731 sim.
982 692 1031 739 σζ

218 748 243 799 ξ
257 749 407 788 Iterum
454 750 661 801 tragoedia
702 763 781 790 non
823 752 913 790 uult
954 751 1225 791 communibus
1267 751 1444 791 sensibus

99 810 252 859 exponi,
282 809 386 848 idest
416 810 564 848 eomieo
595 809 686 849 stilo
719 805 793 862 (P'
808 810 845 849 V
863 811 950 849 sim.
974 811 1028 857 σζ
1470 817 1515 850 10

216 862 294 907 92.
335 867 360 917 ξ
376 867 542 919 Singula
573 881 750 918 quaeque
781 870 912 908 locum
943 864 1047 923 (V)]
1103 869 1206 915 Quia
1235 869 1444 922 tragoedia

99 927 201 966 altos
233 928 375 966 sortita
400 930 460 967 est
484 940 618 967 sensus
645 930 685 967 et
709 928 842 978 uerba,
873 925 1134 980 oom<o>edia
1156 941 1250 968 uero
1275 929 1444 969 humiles

121 983 171 1024 P'
186 987 222 1025 V
243 997 343 1024 cons.
363 987 411 1033 οζ

101 982 118 1039 (
217 1040 295 1084 93.
327 1045 502 1084 *Vocem
521 1058 552 1085 e.
571 1048 598 1084 t.
621 1041 702 1099 (v)]
747 1046 858 1085 Siout
876 1047 1082 1086 Terentius
1103 1042 1310 1100 (adesphV
1326 1048 1365 1097 3,
1378 1042 1443 1102 4):

279 1126 311 1166 Ο
344 1128 508 1178 caelum,
540 1141 562 1167 0
593 1131 713 1178 terra,
743 1142 765 1168 o
796 1131 924 1168 maria
953 1130 1148 1181 Neptuni!
1470 1138 1514 1170 15

98 1224 195 1261 item
224 1224 309 1273 ipse
341 1217 510 1274 (adelph.
534 1223 575 1261 II
603 1225 639 1272 1,
665 1218 760 1277 42)=

276 1305 353 1344 Pro
385 1318 564 1357 supreme
594 1306 792 1358 Iuppiter!
825 1302 1005 1359 (P‘afcg

219 1395 297 1440 95.
329 1400 411 1438 *Et
440 1402 615 1452 tragicus
645 1415 683 1452 p.
709 1401 747 1455 dg
773 1396 874 1455 (οζ)]
924 1401 1026 1447 Quia
1056 1402 1263 1454 tragoedia
1293 1415 1446 1453 semper

98 1460 255 1498 dolores
287 1460 448 1509 exponit
479 1455 632 1512 (F'beg

217 1513 295 1557 96.
343 1515 617 1571 <Telephus>]
677 1519 739 1558 Ab
770 1519 926 1559 Achille
956 1521 1187 1560 uulneratus
1218 1523 1277 1559 est
1308 1523 1348 1559 et
1379 1534 1442 1560 eu·
1470 1527 1516 1560 20

104 1580 212 1616 ratus
246 1572 302 1629 (Γ
309 1574 320 1588 ’
334 1578 355 1615 b
371 1578 407 1616 V

217 1635 394 1685 §Peleus
430 1649 501 1687 per
536 1638 733 1676 insaniam
771 1638 916 1676 dicitur
952 1638 1139 1677 occidisse
1175 1640 1343 1677 matrem
1375 1640 1446 1677 aut

99 1695 247 1733 Focum
277 1695 442 1733 fiatrem
474 1708 607 1745 suum3
650 1696 698 1734 ob
729 1697 830 1735 hano
861 1709 1020 1736 oausam
1051 1697 1139 1735 exul
1170 1697 1300 1737 faetus
1331 1699 1391 1736 est
1421 1710 1446 1737 a

100 1754 251 1793 ciuibus
284 1748 353 1805 (P‘
369 1754 447 1800 17οζ

218 1811 359 1862 §Exul
401 1815 566 1862 uterque
607 1808 710 1866 (V)]
789 1814 872 1852 Aut
909 1815 1004 1863 quia
1039 1814 1262 1865 uagabatur
1297 1816 1444 1866 passim
1470 1822 1516 1854 25

100 1872 236 1910 dolore
267 1872 482 1922 perculsus,
513 1874 584 1910 aut
614 1873 704 1910 exul
734 1872 838 1911 idest
866 1873 993 1912 tristis
1027 1868 1095 1925 (P'
1107 1874 1161 1911 ab
1178 1873 1258 1920 ch·

218 1926 295 1970 97.
328 1929 516 1980 §Proicit
547 1932 742 1981 ampullas
765 1926 809 1983 (v
819 1926 895 1984 V)]
949 1931 1056 1971 Idest
1086 1933 1191 1971 irata
1221 1931 1354 1982 uerba,
1384 1934 1445 1971 in-

100 1990 212 2039 flata,
256 1990 438 2041 grandia·
482 1991 634 2029 omittit
675 1991 895 2030 orationem
937 1991 1131 2030 tumidam
1175 1992 1215 2030 et
1253 1991 1445 2031 inflatam.

102 2048 198 2087 Cum
236 2050 341 2088 enim
377 2061 488 2100 reges
526 2052 655 2088 essent
691 2052 731 2088 et
761 2051 802 2088 in
833 2050 957 2088 nimia
988 2063 1151 2088 erumna
1182 2053 1445 2100 uersarentur,

220 2213 237 2242 1
270 2209 490 2254 premiserat
519 2220 539 2245 c
568 2209 791 2254 promiserat
823 2212 841 2252 ζ
984 2213 1016 2243 2
1030 2220 1256 2254 operumque
1287 2209 1443 2257 colores]

101 2265 166 2289 om
187 2255 256 2297 fec
413 2260 434 2291 4
461 2256 613 2292 comicis
639 2268 705 2291 om.
726 2258 771 2298 οζ
925 2259 945 2291 6
971 2256 1011 2291 hi
1032 2277 1075 2283 —
1096 2257 1241 2303 dicunt]
1266 2266 1332 2293 om.
1353 2261 1399 2300 σζ

103 2305 146 2336 18
172 2303 332 2354 semper]
358 2314 423 2338 om.
444 2304 465 2339 b
562 2307 606 2338 26
632 2314 828 2348 percussus
853 2306 899 2346 οζ
991 2303 1104 2350 idest]
1131 2315 1196 2339 om.
1217 2318 1238 2351 y
1336 2308 1379 2340 29
1406 2306 1445 2340 et

100 2349 140 2382 in
166 2348 297 2395 nimia]
323 2351 361 2384 et
385 2350 492 2384 inimi
518 2361 539 2385 a
565 2365 585 2396 y
605 2361 671 2386 om.
695 2352 774 2393 ch
