1626 2524
109 450 131 481 5

153 81 241 124 364
589 80 752 117 SCHOL.
765 80 812 116 Γ’
823 81 859 118 V
870 80 924 116 m
948 80 1060 117 HOR.

154 193 258 233 idest
300 193 477 232 omnium
517 193 663 232 meruit
703 193 882 232 fauorem
923 193 1036 232 iuxta
1070 193 1198 245 legem
1234 193 1499 242 tabellarium,

157 265 257 302 quae
288 245 449 291 cauerat
477 265 556 291 non
581 264 690 302 uoce,
721 252 789 291 sed
811 253 958 303 puncto
985 251 1124 291 debere
1148 253 1243 291 ferri
1267 253 1499 304 suffragium

158 306 232 364 (P'
243 312 269 359 f
283 312 384 359 ch·

275 376 385 422 345.
431 381 537 421 *Hic
566 383 691 420 meret
722 376 804 435 (ν)]
864 381 972 421 Idest
1001 384 1192 432 praestat,
1221 381 1325 422 idest
1353 382 1500 433 dignus

157 443 216 480 est
247 442 334 479 emi.
397 437 564 480 ‘Meret’
596 441 814 480 mercedem
845 441 961 480 affert
991 435 1139 494 (P'fcg

275 508 480 550 ‘Librum'
518 525 591 562 pro
628 513 810 563 poemate
846 513 991 562 posuit.
1053 508 1151 550 ‘Hic
1181 508 1322 551 liber':
1363 513 1498 551 istius-

156 570 275 620 modi,
307 571 466 620 qualem
496 571 588 609 dixi.
649 567 799 610 ‘Sosis’
831 571 934 610 idest
963 570 1201 621 bibliopolis.
1255 570 1338 609 Alii
1369 583 1499 610 emen-

156 629 312 668 datores
344 631 385 669 et
414 629 645 680 probatores
677 630 896 668 carminum
926 630 1069 668 uolunt
1097 630 1277 681 intellegi
1307 632 1347 669 et
1376 630 1454 669 duo
1483 632 1499 668 i

157 688 296 727 debere
327 689 463 738 scribi,
495 689 563 728 sed
592 691 755 739 propter
784 691 957 728 metrum
987 702 1110 728 unum
1139 688 1334 728 scribitur.
1396 688 1500 728 Sosii

89 756 134 787 10
159 760 251 799 ergo
293 747 373 786 duo
416 748 558 787 fratres
601 749 762 787 fuerunt
803 747 1046 798 bibliopolae
1088 749 1353 798 opinatissimi
1395 743 1499 801 (sim

88 1074 131 1106 15

87 1381 133 1413 20

90 1723 134 1754 25

157 801 329 860 Porph.)
379 807 453 846 Est
484 809 617 846 autem
647 819 804 846 sensusz
833 807 1059 846 istiusmodi
1089 807 1236 846 librum
1260 807 1377 846 facile
1395 806 1499 846 Sosii

155 868 322 916 possunt
352 866 520 905 uendere
552 861 652 919 (F‘f
660 866 695 907 V

276 931 386 976 347.
412 936 646 988 *Ignouisse
670 950 707 974 u.
734 931 816 990 (v)]
847 937 956 975 Inter
979 937 1108 975 multa
1131 936 1235 975 bona
1259 938 1294 976 si
1316 936 1500 976 habueris

156 1008 285 1045 pauca
315 996 434 1044 mala,
463 996 748 1047 ignoscendum
777 998 838 1035 est
866 995 942 1034 fibi
973 990 1098 1048 (Γόζ

277 1061 387 1106 348.
419 1066 553 1105 *Nam
583 1079 709 1116 neque
729 1061 811 1120 (v)]
864 1066 907 1105 Si
938 1079 1030 1118 ergo
1056 1069 1161 1105 errat
1186 1064 1501 1118 cithar<o>edus,

156 1125 284 1164 multo
314 1126 442 1176 magis
472 1126 590 1164 uenia
618 1125 831 1165 tribuenda
862 1127 922 1164 est
950 1127 1098 1175 poetis,
1129 1126 1163 1164 si
1192 1127 1235 1164 in
1267 1125 1500 1175 quibusdam

158 1186 378 1223 errauerint
409 1179 532 1237 (F'cg

276 1249 385 1295 350.
418 1253 738 1304 §Quodcumque
768 1255 986 1294 minabitur
1016 1267 1129 1294 arcus
1156 1250 1237 1308 (v)]
1289 1255 1371 1293 Nec
1402 1267 1499 1294 sem—

156 1326 227 1364 per
276 1314 508 1365 sagittarius
558 1314 755 1353 destinata
804 1314 1010 1353 iaculatur.
1083 1313 1169 1353 Hoc
1216 1314 1308 1352 uult
1355 1313 1500 1352 dicere:

157 1374 357 1412 merentur
386 1375 526 1423 poetae
556 1374 725 1422 ueniam,
757 1374 852 1422 quia
881 1385 1005 1422 paene
1037 1385 1168 1411 omnes
1193 1374 1235 1411 in
1261 1385 1389 1411 errore
1414 1380 1500 1411 uer-

158 1444 291 1471 samur
322 1426 391 1485 (Γ
400 1432 481 1479 7οζ

277 1497 387 1543 352.
443 1502 639 1541 *Maculis
673 1497 754 1555 (ν)]
814 1502 948 1551 Vitiis,
977 1502 1161 1552 peccatis,
1191 1501 1344 1541 delictn's
1378 1497 1501 1555 (Γέζ

277 1572 474 1623 §lnam-ia
505 1568 639 1627 (νοζ)]
681 1573 790 1613 Idest
818 1573 1069 1624 neglegentia
1101 1568 1170 1626 (Γ
1185 1572 1238 1612 Vc
1245 1573 1266 1619 ζ
1290 1584 1334 1611 ex
1359 1573 1501 1622 Porph.

190 1660 195 1665 ·
276 1644 426 1682 *Fudit
460 1638 542 1697 (ν)]
602 1644 732 1692 Dixit,
774 1645 871 1693 quia
906 1644 1084 1682 maculae
1121 1643 1342 1682 funduntur
1379 1639 1506 1697 (Γόζ

277 1714 382 1754 Nam
413 1714 564 1753 duobus
595 1714 721 1753 modis
752 1714 809 1764 fit,
839 1716 886 1752 ut
916 1715 1052 1764 aliqua
1082 1716 1186 1752 uitia
1216 1718 1430 1753 nascantur
1458 1716 1502 1752 in

160 1775 360 1823 poemate:
398 1776 468 1812 aut
497 1774 758 1825 neglegentia,
790 1775 861 1812 aut
889 1775 1045 1822 natura,
1076 1774 1170 1822 quia
1199 1774 1402 1812 hominum
1433 1786 1500 1812 na-

158 1834 250 1870 tura
286 1832 441 1883 fragilis
479 1834 538 1871 est
575 1834 614 1871 et
651 1834 784 1871 omnia
821 1832 949 1870 facere
984 1831 1081 1870 bene
1114 1845 1193 1870 non
1224 1834 1354 1882 potest
1386 1827 1455 1884 (P'
1469 1833 1506 1871 V

279 1897 389 1942 353.
422 1901 447 1952 ξ
461 1902 566 1948 Quid
592 1915 683 1954 ergo
710 1904 780 1951 est,
811 1902 916 1952 quod
939 1901 1106 1941 moneo?
1155 1902 1199 1940 Si
1221 1904 1341 1952 poeta
1363 1902 1500 1940 itidem

159 1963 314 2011 peccat,
345 1963 390 1999 ut
420 1961 604 2000 librarius
637 1958 807 2014 s<a>epe
838 1962 1024 2010 monitus,
1056 1962 1163 2000 caret
1193 1962 1309 2000 uenia
1341 1955 1410 2013 (P‘
1424 1960 1509 2008 Vc?

281 2089 300 2119 2
327 2086 384 2120 set
409 2099 430 2130 γ
527 2084 615 2120 ferri
635 2085 723 2131 νοζ]
748 2084 843 2120 ferre
864 2085 944 2120 PV
963 2084 1085 2119 facere
1103 2084 1127 2127 f
1217 2083 1393 2129 suffragia
1411 2087 1457 2126 οζ

162 2135 182 2166 5
213 2131 275 2166 uel
305 2133 423 2167 meret
453 2134 498 2174 οζ
640 2136 659 2167 6
691 2133 861 2177 poemate
892 2131 958 2177 ys]
990 2132 1163 2175 poemata
1186 2142 1207 2165 r
1236 2141 1370 2175 poema
1394 2131 1458 2165 vV

162 2181 182 2212 8
208 2180 246 2213 et
271 2179 344 2214 duo
372 2179 405 2214 ·i·
431 2180 455 2222 f
497 2179 569 2214 duo
595 2179 623 2213 ii
643 2191 663 2214 r
687 2180 760 2214 duo
786 2179 859 2213 duo
874 2179 909 2213 V
930 2189 963 2211 ·1-
984 2191 1005 2212 ν
1031 2178 1103 2213 duo
1125 2189 1173 2212 -ιι-
1194 2191 1215 2222 y
1311 2180 1332 2211 9
1358 2179 1414 2212 set
1432 2192 1453 2223 y

163 2228 206 2259 15
233 2227 332 2260 errat
357 2179 470 2272 cithz}
495 2237 531 2261 c:
558 2236 594 2261 e:
620 2228 665 2267 οζ
766 2229 810 2260 16
835 2224 956 2270 poetis
982 2226 1038 2259 est
1062 2227 1108 2266 οζ
1200 2227 1244 2258 23
1270 2224 1368 2258 idest
1387 2226 1502 2272 yvV]

162 2283 227 2313 om.
247 2275 318 2313 reg
460 2277 503 2307 26
536 2275 601 2307 aut
632 2273 737 2317 quia,
775 2283 841 2308 om.
868 2273 1018 2315 natura,
1051 2285 1073 2306 ν
1216 2273 1260 2305 28
1291 2271 1381 2314 quid
1413 2283 1502 2317 ergo

161 2319 314 2365 esthg]
342 2330 411 2354 om.
435 2319 480 2353 Γ’
577 2320 709 2355 itidem
736 2320 835 2366 Γεζ]
862 2319 1005 2354 idemV
1105 2321 1148 2352 29
1173 2319 1216 2352 ut
1239 2317 1345 2365 libr:]
1371 2329 1437 2354 om.
1458 2322 1504 2361 οζ
