1626 2524
202 92 290 135 312
638 90 800 128 SCHOL.
814 91 861 128 Γ’
872 91 972 129 VIN
995 90 1107 127 HOR.

322 200 520 242 *‘Arcus’
551 203 754 254 pluuialis,
785 204 857 253 qui
885 204 1066 254 pluuiam
1096 204 1269 243 concitat
1299 199 1438 258 (I'ac

326 258 401 302 19.
457 261 565 301 *Sed
599 275 704 301 nunc
740 275 819 301 non
855 264 943 301 erat
970 262 1032 301 his
1062 262 1170 301 locus
1201 257 1279 316 (c)]
1340 262 1464 308 Quasi
1493 262 1544 302 ad

202 322 378 371 aliquem
412 321 632 372 respondit:
680 334 759 360 non
795 323 881 360 erat
915 321 1043 371 locus,
1084 323 1130 359 ut
1164 321 1261 360 haec
1297 321 1544 371 describeres,

202 381 270 419 sed
302 381 491 430 quoniam
514 380 612 419 bene
637 379 835 429 describis,
864 380 954 419 ideo
978 380 1235 419 introduxisti
1254 375 1392 433 (P'oeG
1405 381 1547 428 simet

152 449 174 479 5
320 438 346 489 ἓ
359 440 413 478 Et
442 440 610 478 fortasse
641 451 868 489 cupressum
899 433 1001 492 (σζ)]
1056 439 1192 478 Irrisio
1222 439 1384 490 pictoris
1416 442 1543 479 cuius-

199 498 310 548 dam,
349 499 416 549 qui
446 498 549 536 nihil
579 498 688 537 aliud
720 511 839 548 quam
870 510 1098 548 cupressum
1127 500 1293 537 nouerat
1321 499 1541 550 depingere.

198 557 459 596 Prouerbium
497 560 558 596 est
592 559 636 595 in
671 557 823 595 malum
852 558 1061 607 pictorem,
1105 558 1176 607 qui
1205 557 1403 597 nesciebat
1432 558 1542 597 aliud

197 617 362 668 pingere
411 629 533 666 quam
581 629 817 666 cupressum.
896 615 959 654 Ab
1006 617 1081 655 hoc
1121 617 1340 667 naufragus
1380 616 1543 666 quidam

198 676 346 726 petiuit
383 676 540 714 uultum
577 687 693 715 suum
729 676 956 725 exprimere.
1016 675 1091 714 Ille
1126 675 1406 726 interrogauit,
1447 689 1542 714 num

126 743 175 774 10
199 747 247 773 ex
271 746 460 785 cupressu
482 735 606 773 uellet
630 734 734 773 adici
753 733 931 784 aliquid?
981 732 1093 779 Quod
1110 734 1364 784 prouerbium
1383 733 1542 774 Graecis

196 793 241 832 in
277 806 351 832 usu
388 795 448 833 est
485 787 550 847 (ex
577 789 755 846 Porph.);
799 806 892 832 nam
927 793 1111 844 naufragi
1149 793 1199 832 ad
1233 793 1543 833 misericordiam

198 852 522 891 commonendam
547 863 660 891 casus
686 864 775 891 suos
800 854 842 890 in
866 852 1005 891 tabula
1023 852 1252 903 depingunt,
1277 854 1325 891 ut
1342 852 1542 891 quenalis

198 906 296 965 (14,
322 906 445 965 302):

375 994 429 1032 Et
458 995 566 1044 picta
597 1006 637 1032 se
667 995 902 1044 tempestate
932 995 1066 1033 tuetur

125 1097 170 1128 15
198 1083 419 1141 (1⁷7⁰,ch
439 1089 524 1127 sism.
549 1103 586 1138 α,
616 1089 718 1127 absc.
743 1089 765 1126 b

316 1142 392 1186 20.
447 1147 581 1192 *Quid
622 1147 696 1186 hoc
740 1141 847 1200 (οζ)]
910 1146 986 1192 Qm·
1029 1148 1182 1196 scribit,
1225 1148 1302 1186 nisi
1345 1149 1541 1197 oportune

194 1205 354 1255 scribat,
384 1218 463 1244 non
493 1206 569 1245 sibi
599 1208 790 1255 conparat
819 1206 998 1256 gloriam,
1030 1208 1133 1245 sicut
1162 1207 1230 1245 ille
1261 1207 1364 1245 male
1398 1206 1541 1258 pingit,

194 1263 265 1314 qui
295 1276 523 1314 cupressum
552 1265 684 1315 pingit
715 1259 934 1317 (P'abch

315 1318 392 1362 22.
441 1320 688 1374 ²¹⁸<Currente
718 1320 853 1374 rota>]
916 1322 1097 1362 Carmine
1127 1323 1359 1373 procedente
1392 1318 1543 1375 (Γάοζ

122 1390 170 1422 20
313 1381 487 1420 *Rotam
517 1382 624 1430 dicit,
657 1394 760 1431 quae
791 1395 879 1420 cum
910 1382 1103 1430 uoluitur,
1136 1395 1236 1421 uasa
1267 1382 1468 1434 finguntur
1498 1385 1540 1421 et

194 1443 256 1480 est
284 1441 495 1480 translatio
527 1453 551 1479 a
582 1440 713 1492 figulis
746 1435 816 1493 (P'

312 1499 421 1538 *Cur
450 1511 591 1538 urceus
616 1498 722 1538 exit?
754 1495 857 1553 (οζ)]
914 1499 992 1538 Cur
1017 1512 1105 1538 cum
1130 1512 1155 1538 a
1179 1499 1333 1551 magnis
1357 1501 1539 1550 incipias,

190 1559 236 1596 in
265 1560 420 1597 minora
451 1557 633 1597 desistis?
665 1553 783 1612 (Γοζ

311 1617 449 1656 *Idest
479 1629 548 1655 cur
578 1618 657 1656 uile
687 1617 734 1656 fit
764 1630 861 1667 opus
891 1616 1034 1655 tuum?
1066 1612 1185 1671 (P'cg

121 1684 187 1716 25-
314 1671 392 1716 23.
423 1676 629 1726 *Simplex
661 1671 767 1729 (P')]
822 1676 930 1715 Idest
960 1678 1121 1726 coeptae
1151 1677 1340 1715 materiae
1372 1677 1412 1714 et
1441 1688 1537 1715 non-

193 1735 288 1774 dum
318 1735 453 1774 finitae
484 1747 563 1774 non
595 1735 711 1773 debes
743 1736 864 1774 aliam
894 1735 1106 1786 adiungere
1138 1730 1328 1788 (1³21ch

313 1789 390 1833 24.
441 1789 518 1833 25.
567 1793 592 1843 ξ
609 1793 778 1838 Quidam
821 1794 960 1832 dicunt
1003 1794 1110 1832 aliud
1152 1796 1404 1844 praeceptum
1442 1806 1535 1842 esse,

192 1854 265 1891 alii
295 1852 434 1891 dicunt
464 1853 511 1891 de
544 1854 770 1891 oeconomia.
795 1853 921 1891 adhuc
946 1853 1061 1890 illum
1085 1853 1196 1902 loqui
1215 1848 1283 1905 (P'
1292 1847 1436 1905 (rav)b
1446 1852 1536 1900 ch,

190 1912 259 1950 sed
288 1913 331 1950 in
362 1912 411 1958 οζ
438 1912 492 1950 ad
522 1912 660 1950 lemma
690 1912 880 1961 amphora
912 1912 1016 1961 cepit
1048 1906 1172 1964 (cepit
1192 1907 1228 1964 ζ)
1259 1912 1417 1950 institui
1449 1908 1534 1964 (de-

119 1977 168 2009 30
193 1970 312 2009 scribi
337 1964 373 2022 ζ)
407 1964 481 2023 (=
501 1983 540 2009 u.
568 1972 618 2008 21
634 1965 708 2023 sq.)
741 1971 975 2019 adscriptum
1007 1973 1061 2008 est

310 2096 331 2127 3
355 2093 549 2138 respondit
567 2094 632 2140 αζ]
652 2093 886 2139 responderit
904 2104 922 2129 c
946 2093 1146 2137 respondet
1164 2097 1239 2128 cett.
1336 2096 1357 2126 5
1377 2092 1534 2136 pictoris

191 2138 359 2186 F'oefcg]
385 2140 538 2175 uictoris
564 2141 664 2176 estV
755 2145 774 2175 7
799 2140 1100 2186 prouerbium—
1121 2140 1160 2174 in
1185 2150 1255 2173 usu
1279 2139 1355 2219 cett]J
1376 2151 1420 2174 εει)
1439 2139 1482 2173 Ρ.

190 2188 250 2221 est
272 2187 448 2233 ravag]
476 2189 533 2222 est
557 2198 708 2233 grecum
731 2187 755 2230 f
774 2197 925 2233 grecum
950 2200 971 2231 y
1090 2189 1110 2220 8
1135 2186 1305 2232 pingere]
1358 2196 1425 2221 ene
1449 2186 1532 2231 pin-

190 2243 278 2278 gere
309 2235 442 2278 Porph.
586 2234 633 2268 ab
667 2234 737 2269 hoc
767 2234 919 2280 Porph]
951 2233 998 2268 ob
1029 2233 1099 2267 hoc
1132 2234 1295 2278 yvacg·
1323 2243 1433 2277 quem
1464 2245 1484 2268 r

191 2283 237 2314 10
263 2281 453 2327 cupressu]
481 2291 653 2326 cupresso
674 2283 746 2323 νοζ
769 2291 940 2326 cypresso
963 2280 1097 2325 Porph.
1196 2283 1237 2314 17
1265 2279 1418 2326 scribat]
1443 2279 1533 2315 scri-

188 2327 308 2372 pserit
332 2331 377 2368 οζ
470 2331 514 2362 28
540 2327 662 2374 illum]
689 2338 773 2363 eum
797 2330 843 2370 εξ
