1626 2524
151 98 238 140 374
586 97 748 134 SOHOL.
763 97 856 135 P'V
867 98 918 134 m
943 98 1055 135 HOR..

361 209 530 248 Accedes
562 210 685 249 siccus
718 209 768 249 ad
798 213 972 249 unctum.

149 303 305 343 Persius
338 298 396 356 (1,
424 299 518 356 53):

360 385 542 426 Calidum
571 388 646 426 scis
677 399 820 436 ponere
853 399 1002 426 sumen.

147 479 319 519 Vnctum
349 481 474 532 igitur
504 481 679 531 appellat
709 481 1018 531 pulmentarium
1048 481 1146 522 bene
1179 484 1334 522 coctum
1364 485 1403 522 et
1428 485 1490 522 est

104 547 124 579 5
151 540 319 590 satyrice
350 539 499 579 dictum
530 534 600 593 (P'
606 540 628 578 b
638 540 720 588 Vct

264 608 289 660 ξ
304 610 348 649 Si
376 623 472 649 uero
502 612 562 650 est
590 605 670 664 (b)]
718 611 826 650 Idest
855 612 890 651 si
919 624 1012 650 uero
1043 613 1098 651 sit
1126 614 1261 663 poeta,
1291 614 1360 662 qui
1387 612 1485 652 bene

145 670 288 719 pascit,
337 670 410 708 hoo
453 672 529 719 est,
572 671 607 709 si
648 670 794 710 habeat
835 683 943 719 eum,
986 672 1055 720 qui
1097 683 1234 710 cenam
1276 674 1485 722 praeparet

146 723 262 781 (cons.
288 723 466 782 Pomm),
502 728 600 767 bene
635 729 826 778 mirabor,
862 731 898 769 si
926 731 1042 769 isffius
1072 730 1179 769 modi
1210 731 1327 770 homo
1357 732 1483 781 possit

143 788 289 827 falsum
320 789 488 827 amioum
519 801 544 827 a
573 801 666 827 uero
698 788 915 828 discernere
947 783 1018 842 (P'
1025 790 1047 828 b
1057 789 1109 828 Vc
1116 789 1139 836 ζ

76 865 119 897 10
261 853 371 899 423.
426 857 654 909 *Spondere
685 854 727 912 (ν
735 855 790 913 6)]
853 860 1096 899 Interuenire
1128 862 1167 899 et
1198 859 1316 899 fidem
1346 860 1485 910 dicere,

145 913 266 956 ‘leui'
297 931 369 967 pro
400 918 511 956 tenui
541 920 580 957 et
611 919 743 970 egenti
773 920 813 957 et
842 919 917 957 uili
948 913 1017 972 (Γ
1026 919 1104 966 ὂοζ

260 988 397 1028 *Idest
425 988 631 1028 fideiussor
660 989 725 1028 uel
755 991 866 1028 tutor
897 1002 979 1029 esse
1012 984 1142 1042 (qloss.
1162 1005 1186 1028 ν

260 1054 416 1107 42434.
449 1059 492 1098 Si
505 1059 600 1099 sciet
612 1061 787 1099 internos
802 1060 1115 1099 commendaoem
1129 1056 1218 1113 (leq.
1224 1062 1486 1100 internoscere

141 1118 257 1156 mend
265 1113 293 1166 z)
326 1113 405 1172 (ν)]
467 1118 571 1158 Nam
602 1132 690 1158 cum
720 1119 843 1158 falsus
876 1121 1022 1158 amicus
1055 1119 1191 1158 eodem
1222 1119 1338 1158 modo
1370 1120 1485 1158 illum

74 1184 117 1216 15
141 1177 280 1216 laudat
321 1179 361 1216 et
403 1190 535 1226 uerus,
576 1190 655 1217 non
697 1180 845 1228 poterit
886 1179 1020 1230 largus
1063 1180 1182 1229 poeta
1219 1179 1324 1217 inter
1359 1180 1485 1218 malos

140 1235 339 1286 bonosque
370 1236 512 1275 habere
542 1237 735 1276 iudicium
766 1232 834 1290 (F‘
844 1237 910 1276 bV

259 1301 368 1346 425.
400 1306 548 1345 Verum
567 1308 737 1346 amicum
756 1302 838 1360 (v)]
884 1307 992 1346 Idest
1010 1319 1099 1345 oum
1119 1307 1390 1346 adsentatione
1410 1308 1484 1345 fal-

141 1365 264 1415 latur,
299 1378 437 1404 uerum
473 1367 644 1404 amioum
679 1367 826 1415 poterit
862 1367 1062 1417 ignorare3
1105 1367 1201 1404 item
1240 1366 1335 1415 quia
1370 1379 1482 1405 nemo

141 1424 258 1463 diuiti
293 1436 409 1463 uerus
446 1425 595 1463 amicus
626 1426 702 1473 est,
741 1438 764 1462 a
799 1437 876 1475 quo
907 1424 1103 1463 beneficiis
1133 1425 1341 1464 redimitur
1372 1419 1441 1478 (Γ
1452 1425 1486 1463 V

72 1490 116 1522 20
260 1479 481 1535 <Beatus>]
535 1483 710 1522 Audiens
743 1483 792 1522 ab
823 1483 1136 1523 adsentatoribus
1170 1478 1239 1537 (Γ
1248 1484 1285 1522 V

258 1548 368 1594 426.
399 1554 489 1592 *Tu
520 1567 587 1593 seu
619 1554 654 1593 d.
675 1549 756 1608 (v)]
812 1554 890 1603 Tu,
921 1567 944 1593 o
968 1554 1079 1602 Piso,
1110 1555 1144 1592 si
1175 1554 1331 1593 donasti
1362 1555 1482 1593 alicui

143 1614 213 1651 aut
261 1613 478 1652 donaturus
527 1626 585 1662 es,
633 1614 705 1652 hoe
749 1612 926 1652 auditore
971 1614 1189 1652 carminum
1231 1615 1390 1652 tuorum
1433 1626 1480 1652 ne

143 1672 267 1711 utaris
300 1666 423 1724 (P'cg

258 1737 368 1782 429.
423 1742 646 1782 *PaUescet
689 1738 791 1796 (σζ)]
854 1739 997 1795 [Idest]
1043 1741 1213 1792 pallidus
1257 1742 1343 1790 fiet,
1391 1755 1479 1781 eum

72 1808 116 1840 25
142 1802 314 1851 coeperit
343 1803 383 1840 te
414 1801 558 1840 falsum
588 1801 750 1840 laudare
782 1796 954 1855 (ΓΎοζ

259 1870 284 1921 ξ
299 1871 425 1922 Super
442 1872 503 1911 his
518 1867 680 1925 (vbcffl
711 1871 818 1911 Idest
837 1874 927 1921 post
945 1872 1052 1921 haec,
1071 1884 1171 1922 quae
1191 1871 1288 1910 dixi:
1307 1871 1480 1922 pulchre,

142 1930 250 1979 bene,
280 1934 384 1969 reete
417 1925 473 1983 (Γ
481 1928 492 1942 ’
506 1925 583 1983 (γν
597 1925 638 1984 b)
656 1930 691 1968 V
711 1942 810 1969 cons.
831 1931 878 1977 σζ

256 2059 278 2089 4
312 2054 442 2101 igitur]
467 2054 566 2100 regit
593 2055 627 2089 V
646 2055 745 2089 recte
770 2056 815 2095 εζ
832 2054 957 2100 Pauly
1100 2058 1120 2088 5
1147 2053 1307 2098 satyrice
1333 2053 1478 2099 vacg]

140 2100 288 2136 satirice
313 2104 348 2136 Γ
471 2105 490 2136 6
516 2101 615 2136 idest
655 2112 721 2136 om.
742 2102 845 2143 erg
963 2104 981 2135 7
1008 2101 1130 2145 pascit
1154 2112 1203 2135 rv
1214 2101 1275 2146 Vc]
1302 2101 1432 2145 paseat
1457 2114 1477 2145 y

138 2149 267 2192 poscat
291 2150 311 2189 ζ
427 2148 565 2183 habeat
620 2148 677 2194 οξ]
705 2147 843 2183 habeas
871 2147 929 2191 F',
954 2148 975 2183 b
990 2159 1126 2192 parum
1151 2147 1261 2192 liquet
1372 2157 1477 2191 prae-

138 2195 259 2241 paret]
284 2196 418 2240 pperat
442 2209 464 2230 ν
609 2199 649 2230 11
676 2194 768 2241 leui]
793 2206 861 2231 om.
883 2193 932 2229 Γ’
1059 2194 1142 2240 pro]
1168 2205 1234 2229 om.
1254 2196 1301 2235 οξ
1417 2194 1478 2228 uel

137 2240 207 2275 uili
231 2244 275 2282 οζ
370 2246 411 2277 15
438 2241 535 2277 inter
555 2241 601 2276 Γ’
610 2242 645 2287 b]
666 2242 749 2276 inV
840 2244 977 2276 17—20
1001 2241 1174 2283 confusus
1197 2241 1284 2276 ordo
1303 2241 1344 2275 in
1363 2241 1479 2283 codd„

137 2288 258 2323 em.K.
357 2292 399 2323 18
419 2289 508 2333 quia
527 2289 590 2335 rw]
611 2288 710 2333 quod
723 2303 743 2333 γ
764 2288 852 2333 quia
871 2289 987 2333 queV
1077 2291 1120 2322 26
1141 2287 1240 2334 post]
1261 2298 1371 2332 super
1385 2290 1430 2329 σζ

137 2333 264 2379 pulcre
291 2336 442 2370 Veuan.
464 2336 484 2370 b
581 2339 623 2369 27
651 2335 759 2381 bene]
785 2346 850 2371 om.
871 2349 892 2381 γ
988 2335 1102 2380 recte]
1129 2345 1194 2370 om.
1216 2336 1263 2376 οζ
