1620 2524
400 734 830 789 SERMONVM
860 735 1091 790 LIBER
1122 736 1164 789 I.

223 854 248 905 ξ
263 855 495 895 Sermonum
526 855 619 894 libri
649 855 737 894 ideo
769 855 883 905 dieti,
925 857 1019 905 quia
1048 856 1123 894 uili
1153 867 1330 895 sermone
1361 858 1456 895 sunt

103 916 237 965 potius
270 928 389 964 quam
418 915 607 963 tumenti,
638 916 722 953 siue
754 915 848 964 quia
880 915 930 953 ad
961 916 1185 965 praesentes
1215 915 1451 954 scribuntur.

105 975 298 1024 Epistulis
330 975 435 1012 enim
466 974 516 1013 ad
548 974 726 1013 absentes
758 974 976 1024 loquimur,
1013 985 1190 1013 sermone
1222 987 1311 1013 oum
1340 987 1453 1025 prae-

104 1034 291 1072 sentibus.
349 1032 536 1078 Quamuis
566 1034 691 1084 igitur
721 1033 793 1071 hoo
824 1045 922 1083 opus
953 1035 1130 1083 satyram
1155 1045 1237 1072 esse
1261 1034 1452 1074 Horatius
1503 1042 1524 1073 5

104 1094 188 1142 ipse
219 1091 462 1143 profiteatur,
497 1104 585 1131 cum
617 1093 675 1131 ait
705 1086 753 1146 (s.
779 1092 821 1130 H
849 1094 884 1142 1,
914 1094 949 1131 1.
978 1086 1042 1146 2):

282 1174 383 1213 Sunt
420 1175 560 1224 quibus
597 1176 639 1213 in
673 1176 808 1225 satyra
838 1175 975 1214 uidear
1005 1176 1123 1214 nimis
1155 1188 1244 1215 acer
1275 1178 1315 1215 et
1345 1177 1454 1216 ultra

278 1233 425 1284 Legem
454 1234 613 1272 tendere
646 1246 755 1285 opus,

103 1331 235 1368 tamen
266 1330 446 1380 proprios
477 1329 616 1368 titulos
647 1329 777 1368 uoluit
807 1330 843 1368 ei
871 1329 1176 1379 accommodare,
1206 1330 1277 1381 hos
1302 1331 1452 1382 priores

103 1388 200 1427 duos
225 1388 345 1427 libros
366 1388 609 1437 Sermonum,
633 1388 868 1438 posteriores
887 1389 1160 1438 Epistularum
1179 1385 1451 1442 <in>scribens
1478 1398 1523 1430 10

107 1441 266 1499 (F'ch
288 1460 332 1486 ex
356 1447 497 1496 Porph.

221 1505 246 1556 ἓ
261 1506 406 1556 Satyra
437 1506 582 1546 dicitur
611 1507 735 1545 laneis
767 1519 889 1558 genus
920 1508 1092 1546 tractum
1124 1520 1148 1545 a
1175 1508 1292 1547 choro
1317 1507 1451 1547 Liberi

103 1566 240 1615 patris,
272 1565 341 1615 qui
372 1567 432 1604 est
461 1566 642 1604 minister
672 1566 757 1604 uini
788 1568 828 1604 et
858 1566 1063 1617 epularum
1095 1561 1254 1620 (1⁷²ch

221 1623 246 1674 ἓ
261 1624 405 1674 Satyra
434 1625 550 1663 istius
580 1625 685 1663 inter
709 1624 854 1664 Lucilii
885 1627 944 1664 est
975 1627 1015 1664 et
1037 1625 1256 1675 quenalis3
1287 1639 1379 1665 nam
1411 1627 1450 1664 et

104 1684 359 1732 asperitatem
382 1683 513 1731 habet,
539 1697 658 1732 quam
683 1680 761 1735 [et]
780 1683 968 1732 Lucilius,
993 1687 1034 1723 et
1052 1685 1303 1734 suauitatem,
1329 1697 1450 1735 quam
1476 1693 1520 1725 15

102 1741 320 1790 quenalis,
355 1743 521 1780 mixtam
556 1743 599 1780 in
636 1755 708 1781 suo
745 1743 927 1781 carmine.
1004 1743 1184 1793 Denique
1219 1743 1297 1782 nisi
1333 1743 1448 1783 que-

102 1800 203 1839 nalis
246 1801 482 1852 scripsisset,
524 1801 602 1840 isto
644 1813 758 1839 nemo
803 1803 905 1840 esset
942 1801 1097 1851 melior,
1140 1814 1279 1840 uerum
1314 1805 1449 1842 tamen

102 1859 302 1898 sciendum
345 1862 414 1908 est,
459 1859 552 1910 quia
592 1861 814 1910 satyrarum
853 1872 1009 1899 carmen
1047 1873 1070 1899 a
1107 1861 1235 1910 primo
1273 1863 1449 1901 omnium

102 1921 259 1957 auctore
290 1918 443 1958 Lucilio
483 1921 684 1969 repertum
715 1921 783 1958 est.
845 1919 1029 1970 Plerique
1061 1923 1238 1970 satyram
1269 1934 1293 1959 a
1323 1921 1446 1972 lance,

220 2070 239 2100 2
267 2068 353 2101 sunt
376 2067 460 2113 reg]
487 2067 562 2102 sint
587 2068 681 2112 yvV
803 2072 824 2103 4
851 2068 947 2114 eplis
973 2082 995 2104 ν
1021 2071 1103 2114 epts
1129 2082 1150 2114 γ
1176 2069 1344 2114 epistolis
1369 2070 1447 2105 er

100 2113 267 2159 epistolis
287 2116 306 2155 ζ
399 2118 420 2149 5
440 2115 606 2159 satyram
623 2115 739 2162 erg]
760 2115 914 2150 satiram
933 2130 954 2162 γ
974 2117 1140 2151 suturam
1159 2130 1181 2152 ν
1280 2120 1298 2151 7
1319 2117 1446 2161 satyra

100 2161 245 2206 ercg]
273 2161 388 2196 satira
413 2175 433 2206 γ
555 2165 598 2196 10
623 2161 737 2197 libros
764 2162 855 2198 duos
881 2177 902 2207 y
1016 2163 1184 2208 (epistuh
1209 2175 1230 2198 r
1249 2164 1398 2209 Porph.)

102 2207 265 2242 scribens
284 2209 385 2244 codd.
406 2208 611 2244 inscribens
630 2209 713 2245 edit.
733 2221 814 2245 cum
827 2210 960 2256 Porph.
1037 2215 1079 2245 12
1099 2211 1240 2255 (satyra
1255 2209 1397 2256 P'Vcss)

104 2257 147 2288 14
172 2256 298 2299 satyra
323 2255 441 2302 vag]
468 2256 584 2291 satira
611 2258 645 2290 Γ
786 2260 828 2291 15
860 2258 898 2292 et
929 2262 1011 2294 ante
1042 2257 1207 2292 Lucilius
1238 2269 1304 2294 om.
1326 2260 1399 2303 γσζ

104 2303 146 2334 16
171 2301 326 2337 mixtam
337 2302 421 2349 rec]
446 2303 564 2338 mixta
577 2317 599 2338 ν
609 2304 643 2338 V
662 2305 678 2337 t
697 2304 815 2338 mixta
833 2305 910 2350 (sic)
924 2318 944 2349 y
1043 2308 1086 2340 18
1100 2306 1309 2349 satyrarum
1323 2319 1344 2341 ν
1355 2305 1442 2352 Vct]

102 2347 299 2384 satirarum
319 2351 353 2384 Γ
374 2353 405 2384 et
424 2363 446 2385 ν
462 2350 524 2385 alt.
539 2351 614 2386 loco
712 2354 754 2386 19
775 2352 939 2396 satyram
958 2352 1076 2398 vag]
1098 2352 1252 2387 satiram
1272 2354 1307 2387 Γ

172 2412 412 2440 Psnvnncnoms
433 2421 569 2441 senona
589 2422 622 2441 m
641 2416 826 2442 Eoum-nm.
864 2417 903 2443 11.
1212 2414 1230 2446 1
