1626 2524
205 107 291 150 326
639 105 800 143 SCHOL.
816 107 860 143 Γ’
872 108 908 144 V
919 107 973 143 IN
995 107 1107 144 HOR.

205 219 284 330 {alte
332 219 444 269 loqui
490 232 569 258 non
615 221 817 270 poterant,
871 221 1032 259 summis
1080 220 1374 259 calamitatibus
1421 221 1541 259 mersi

223 279 262 316 Γ
268 275 316 316 ὀι
338 278 401 317 Vc
413 278 435 325 ζ

321 333 635 389 *(Ampullas>]
690 337 798 377 Idest
827 338 1004 377 fastuosa
1034 337 1155 377 uerba
1186 332 1257 391 (P'

319 394 345 445 ἓ
360 395 657 447 Sesquipedalia
703 396 825 435 uerba
870 390 974 450 (V)]
1035 396 1334 447 Sesquipedalia
1379 398 1538 447 proprie

155 462 176 493 5
202 454 387 494 dicuntur
425 467 491 494 sex
526 455 643 505 pedes
678 455 876 494 habentia.
936 455 1112 505 Vterque
1148 457 1282 495 autem
1316 469 1461 507 magna
1497 458 1538 496 et
1620 471 1621 474 ¹

202 513 308 553 elata
337 514 459 553 uerba
487 515 632 564 proicit
662 516 702 553 et
730 516 859 553 utitur
883 515 1154 553 communibus
1178 516 1224 553 ut
1248 515 1337 554 exul
1357 509 1425 568 (Γ
1427 515 1449 553 b
1459 515 1541 562 Vc(
1614 551 1616 557 ,

318 568 396 613 98.
428 572 453 623 ξ
468 573 512 612 Si
541 575 655 613 curat
685 586 752 612 cor
771 567 813 627 (ν
822 568 900 627 V)]
947 573 1024 612 Hic
1048 585 1183 613 uersus
1208 575 1248 613 et
1272 574 1536 624 superioribus

200 633 240 670 et
276 632 528 682 sequentibus
564 633 678 684 iungi
713 634 854 682 potest.
917 632 960 671 Si
989 632 1078 671 uult
1107 645 1169 672 me
1199 632 1354 672 flectere
1384 633 1435 672 ad
1464 635 1537 671 mi-

199 691 462 741 sericordiam,
487 691 656 741 deponet
681 692 786 730 elata
810 691 941 730 uerba.
991 691 1068 730 Gor
1092 693 1306 742 spectantis
1323 693 1535 743 tangimus,

127 756 174 788 10
200 750 356 799 quando
393 750 535 790 idonea
569 750 692 790 uerba
728 750 862 789 dolore
891 751 1144 800 proferimus,
1186 751 1289 790 idest
1317 752 1419 791 istae
1448 764 1535 801 per-

198 820 316 848 sonae
346 809 523 848 abiciunt
554 810 660 849 elata
689 809 822 858 uerba,
853 809 887 848 si
915 810 1057 848 uolunt
1086 810 1285 849 auditores
1311 810 1360 849 ad
1384 811 1535 849 miseri-

196 868 370 907 cordiam
399 868 554 907 flectere
586 863 660 922 (F'
673 884 698 906 α
718 869 776 908 Vc
788 869 810 915 ζ
831 880 930 907 cons.
949 881 989 907 m

314 922 391 967 99.
423 926 552 977 §Non
582 929 678 967 satis
710 929 770 967 est
799 923 1021 979 pulc<h>ra
1052 922 1155 980 (V)]
1189 924 1402 966 ‘Pulchra'
1432 928 1535 968 idest

196 985 360 1035 diserta,
393 986 570 1037 probata.
633 987 734 1026 Sunt
764 986 957 1036 quaedam
986 988 1170 1037 poemata
1200 983 1329 1038 <quae
1359 985 1534 1037 habent>

127 1051 170 1083 15
196 1043 426 1095 οἰκονομίαν
461 1047 501 1084 et
531 1046 706 1096 ‘probata
741 1045 880 1094 uerba,
923 1044 989 1084 sed
1018 1045 1218 1084 interdum
1248 1047 1384 1085 carent
1413 1058 1533 1085 uenu-

195 1105 298 1142 state
330 1098 477 1157 (F'oeb
499 1105 590 1152 ch

311 1159 500 1215 *Dulcia]
556 1163 664 1203 Idest
693 1163 823 1202 ethica
854 1157 952 1215 (P‘b

314 1216 422 1261 100.
477 1221 570 1271 §Et
608 1234 853 1272 quocumque
889 1222 1025 1260 uolent
1056 1216 1158 1274 (V)]
1218 1222 1402 1261 Habeant
1438 1235 1532 1273 ergo

193 1279 306 1328 haec,
341 1293 441 1330 quae
472 1282 564 1320 sunt
594 1281 778 1330 probata,
809 1282 930 1319 etiam
960 1283 1227 1329 uenustatem,
1258 1283 1315 1330 et,
1346 1294 1530 1331 quocum·
1607 1288 1612 1291 ⁴

123 1346 169 1378 20
195 1351 270 1388 que
300 1339 516 1388 uoluerint,
547 1341 721 1378 animum
752 1340 944 1378 auditoris
975 1340 1154 1388 trahant,
1186 1341 1268 1378 siue
1301 1340 1351 1378 ad
1381 1341 1530 1379 miseri-

194 1397 378 1447 cordiam,
410 1398 493 1438 siue
524 1399 575 1437 ad
603 1399 916 1449 indignationem
948 1392 1072 1450 (P'ab
1088 1399 1140 1436 Vc
1148 1398 1169 1445 ζ

313 1451 421 1496 102.
453 1454 558 1508 §(Si
588 1458 650 1496 uis
680 1470 742 1496 me
772 1457 875 1506 fiere,
906 1456 1117 1495 dolendum
1147 1453 1252 1508 est>]
1307 1455 1410 1502 Quia
1439 1457 1529 1496 sub-

191 1517 362 1555 stantiae
405 1516 544 1555 harum
588 1529 719 1555 rerum
761 1518 854 1555 sunt
894 1516 1087 1554 formatae
1128 1516 1170 1554 in
1208 1515 1349 1554 animis
1385 1516 1529 1556 nostris

192 1587 216 1613 a
245 1576 401 1623 natura,
432 1577 477 1614 ut
506 1575 607 1614 illud
639 1574 834 1614 Ciceronis
866 1569 931 1627 (dc
961 1578 1056 1612 orat.
1081 1574 1121 1612 II
1147 1575 1214 1623 45,
1244 1570 1364 1627 188):

121 1663 166 1695 25
369 1657 520 1697 Ardeat
550 1660 694 1707 orator,
725 1658 760 1696 si
789 1657 878 1695 uult
907 1656 1076 1695 iudicem
1105 1657 1310 1696 incendere

192 1746 250 1804 (Γ
256 1748 267 1763 ’
281 1766 305 1789 α
319 1752 340 1790 b
353 1753 378 1799 f
393 1753 456 1790 Vc
469 1752 490 1799 ζ

313 1817 419 1862 104.
470 1821 612 1871 §Male
644 1823 677 1861 si
707 1821 896 1860 mandata
927 1815 1002 1874 (ζ)]
1065 1820 1185 1866 Quasi
1215 1821 1419 1869 mandata,
1450 1834 1527 1860 non

309 1960 328 1992 9
361 1957 523 2002 deponet
548 1956 611 2004 Γ’]
644 1956 837 2002 deponet&
864 1958 899 1992 V
924 1956 1087 2001 deponat
1111 1959 1187 1998 αοζ
1328 1959 1370 1990 10
1400 1955 1526 1991 dolore

191 2003 238 2038 Γ’
254 2004 340 2051 Vm]
366 2004 534 2040 dolenter
558 2007 578 2046 ζ
600 2015 683 2039 cum
708 2003 834 2040 dolore
859 2017 883 2038 α
909 2002 1028 2038 dolori
1053 2015 1072 2038 c
1174 2007 1214 2037 11
1241 2002 1356 2038 uerba
1380 2001 1512 2045 Γὀιοζ

190 2051 303 2086 om.V
416 2051 603 2087 auditores
627 2051 758 2097 ochc]
784 2062 849 2086 om.
871 2053 906 2085 Γ
1046 2054 1088 2084 13
1113 2049 1269 2095 pulchra
1288 2071 1331 2075 -—
1351 2049 1508 2095 probata

190 2109 255 2132 om.
277 2101 322 2140 οζ
428 2098 557 2144 pulcra
584 2099 618 2133 V
722 2102 764 2133 15
791 2097 1083 2133 ΟΙΚΟΝΟΜΙΑΜ
1110 2099 1145 2131 Γ
1164 2097 1466 2132 ΟΙΚωΝωΜΙὰΜ
1495 2098 1530 2132 V

190 2146 484 2238 ΟΙΚΕΝΞΝΟΜΙᾸ
510 2171 531 2192 ν
557 2156 738 2192 econimia
763 2170 787 2190 α
812 2156 970 2201 spatium
993 2156 1153 2209 relictum
1179 2156 1221 2190 i‘n
1244 2157 1289 2196 οξ
1382 2156 1438 2189 set
1456 2169 1476 2199 y

192 2206 234 2237 18
247 2203 312 2238 hoc
337 2215 451 2239 emma
464 2208 547 2239 ante
559 2204 662 2240 schol.
672 2216 707 2239 u.
719 2207 784 2238 102
794 2214 879 2247 pon.
890 2203 925 2237 V
1014 2206 1059 2237 24
1072 2201 1157 2237 illut
1169 2203 1232 2237 rV
1322 2205 1365 2236 27
1380 2213 1441 2237 uu.
1457 2205 1523 2237 104

191 2253 306 2284 -196
331 2251 562 2286 DEFICIT
582 2251 657 2286 cod.
677 2251 769 2286 Hor.
790 2264 812 2285 v
925 2248 1038 2291 Quasi
1059 2270 1102 2275 -
1122 2248 1282 2295 laetitia]
1308 2259 1382 2283 non
1402 2250 1522 2294 lequu-

190 2300 250 2332 tur
273 2297 314 2331 in
339 2297 381 2340 V,
413 2298 475 2334 sed
511 2298 624 2334 exhib.
645 2299 684 2332 at
704 2315 747 2327 =
768 2296 877 2332 aliter
912 2301 945 2331 et
975 2307 1066 2340 quae
1094 2300 1279 2339 secuntur,
1315 2296 1377 2330 sed
1400 2296 1523 2331 misere

190 2347 360 2389 corrupta
