1626 2524
0 2345 40 2524 i

112 90 201 134 510
296 58 300 62 ²
435 89 672 126 ADDENDA
696 89 795 126 AVT
819 88 1131 125 CORRJGENDA

160 196 350 232 cuiusdam
399 197 547 232 lossema
569 196 684 240 fuisse
706 197 870 241 suspicor
893 196 943 232 ad
966 197 1078 232 uerba
1109 196 1256 242 ineptos
1287 195 1451 232 luxurio-

161 254 293 288 sosque
316 208 406 278 ludqo
384 254 425 278 os
450 244 528 289 (lin.
550 245 585 290 3)
610 245 684 289 adp
685 245 816 279 ositwm

114 291 132 325 I
150 302 192 336 p.
212 293 278 326 307
306 292 369 326 lin
392 294 436 325 13
461 301 536 327 uox
558 245 717 337 grauida
740 291 799 326 hic
822 290 984 326 eicienda
1007 295 1078 334 απ,-
1101 292 1257 335 pertinet
1278 293 1374 327 enim
1399 291 1451 327 ad

161 339 299 374 Horati
321 339 470 374 uerbwm
493 348 678 384 praegnas
702 349 738 374 u.
759 341 797 372 2.
825 337 908 372 ‘Pre
909 338 1043 392 gnane]
1064 317 1234 372 'Grauida
1256 339 1303 384 91.
1323 339 1374 374 Γ’

112 384 129 419 I
148 397 187 430 p.
209 388 276 420 311
303 386 366 420 lin.
390 388 408 419 7
435 396 506 430 pro
539 384 672 420 similis
703 395 810 420 sexus
846 349 1106 430 indignatione
1137 384 1331 421 Stowasser
1360 397 1447 431 pro-

154 434 264 477 ponit
287 432 422 467 simul
447 443 543 467 cum
567 443 698 467 sexus
722 432 1010 467 indicatione

112 479 129 513 Ι
147 490 187 524 Ρ.
209 483 276 514 314
302 480 365 515 lin.
389 483 432 514 12
463 484 547 515 ante
579 479 678 514 idest
710 491 791 515 cum
821 479 1035 515 Stowassero
1067 490 1204 515 mnam
1235 481 1363 516 lemma
1391 483 1450 517 in-

158 527 347 562 serendum
371 531 438 562 est.-
463 525 703 562 cantabimus
727 525 890 562 inuicem

111 573 129 607 I
148 585 188 618 p.
209 576 277 608 339
303 574 366 609 lin.
390 577 431 609 11
446 585 496 619 sq.
522 573 592 609 Pro
617 574 811 619 tamquam
834 575 1021 609 mortuum
1051 573 1140 619 (iam
1164 585 1265 610 more
1289 576 1339 620 A)
1369 575 1448 612 Sto-

158 632 290 657 wasser
313 622 398 656 bene
417 623 593 666 proponit
614 621 702 656 iam
726 621 941 656 minorem

111 668 187 712 Ip
208 669 364 703 345lzn
387 669 496 715 7139.
521 669 613 704 Aen
633 667 1008 713 VHIprernVII

111 715 128 749 Ι
147 718 302 798 Ῑὶὴξ>49
302 716 367 751 lin.
388 718 442 750 34.
481 715 637 751 Sanctus
660 716 812 762 Ayileus
835 716 1079 751 celeberrimus
1103 720 1242 763 martyr
1265 716 1340 760 fuit
1360 717 1450 753 Car-

221 763 397 809 yzniensis

110 809 127 843 I
146 820 187 854 p.
208 813 275 844 355
302 810 364 845 lin.
386 813 430 844 23
450 821 522 855 pro
542 811 701 846 lemmate
719 810 901 846 codicisA
919 821 1001 846 cum
1013 810 1227 846 Stowassero
1245 810 1448 846 adscrtben-

159 857 246 892 dum
270 861 322 892 est
345 855 513 901 Ceaeque

110 903 127 937 I
147 915 186 948 p.
207 907 275 938 356
301 905 365 939 lin.
387 908 430 939 21
451 916 522 949 pro
546 915 592 939 ne
617 905 688 950 leye
712 915 796 949 quo

110 950 128 984 I
146 962 186 996 Ρ.
207 954 273 985 361
302 952 366 986 lin.
386 955 406 986 2
450 952 670 987 Emendatio
712 963 790 987 mea
834 951 1025 986 debriatur
1067 963 1091 987 a
1127 953 1209 987 niro
1245 952 1450 987 doctissimo

159 998 314 1043 quodam
339 1000 555 1045 impuynata
579 999 786 1042 defenditur
809 1000 900 1034 conl.
925 999 1029 1034 schol.
1056 1010 1084 1034 c
1109 998 1160 1032 m
1186 1002 1241 1041 19,
1264 1002 1306 1034 18

110 1044 127 1079 I
147 1057 185 1089 Ρ.
206 1048 275 1080 364
301 1046 365 1080 lin.
386 1049 430 1080 15
450 1050 534 1090 post
557 1045 702 1091 Progne
726 1046 811 1081 add.
837 1057 974 1081 comma

110 1091 185 1136 ΙΡ.
208 1095 275 1127 376
302 1094 365 1128 lin.
387 1097 407 1127 2
433 1098 466 1128 et
490 1094 554 1128 lin.
575 1097 595 1128 5
623 1094 684 1139 leq.
712 1094 876 1138 AVpro
901 1094 937 1128 A

111 1139 127 1172 I
147 1151 185 1184 Ρ.
208 1143 275 1174 386
302 1141 364 1175 lin.
387 1143 432 1174 20
445 1151 516 1185 pro
529 1141 691 1176 codicum
699 1140 952 1175 ‘hooannium’
963 1141 1129 1175 Heraeus
1141 1139 1450 1175 emendathocan-

157 1198 288 1221 Inuum

109 1232 127 1267 Ι
145 1244 185 1278 Ρ.
206 1237 274 1268 389
301 1234 365 1268 lin.
387 1237 407 1268 2
434 1235 496 1280 leq.
525 1238 568 1268 14
588 1245 659 1278 pro
684 1239 706 1268 4

110 1279 126 1313 I
147 1291 184 1325 Ρ.
206 1284 274 1315 417
289 1281 364 1334 fin·
386 1284 429 1315 23
450 1292 521 1325 pro
539 1280 728 1326 Repetitio
754 1281 888 1315 amoris
917 1281 1049 1325 (codd.)
1071 1292 1236 1326 propono
1258 1281 1448 1326 Repetitio

157 1339 318 1362 nummis

110 1373 127 1408 I
147 1385 185 1419 Ρ.
205 1378 274 1408 422
301 1375 364 1410 lin
386 1378 407 1409 8
432 1374 723 1410 Manlistriae
750 1391 794 1403 =
820 1373 1038 1423 μαυλιστρίᾳ
1063 1375 1156 1418 (uid.
1176 1374 1343 1410 Heraeus
1367 1376 1389 1410 l.
1404 1375 1445 1419 l.)

158 1421 203 1464 cf.
230 1422 341 1458 Hebr.
367 1418 402 1454 5-
399 1430 431 1455 η
458 1421 720 1457 circumcidere

110 1468 185 1513 ΙΡ.
205 1472 274 1503 438
300 1481 335 1504 u.
357 1472 401 1504 33
427 1469 520 1504 addc
545 1471 604 1512 (ex
628 1469 768 1504 duobus
791 1469 892 1512 foliis
909 1468 1079 1503 Hambur
1103 1469 1258 1511 ensibus,
1276 1468 1322 1511 cf.

157 1516 367 1560 fatwnem):
385 1515 625 1562 [CREDVLA
644 1514 739 1550 NEC
759 1514 950 1550 GRAVOS
969 1479 1172 1561 LEOlgES]
1193 1514 1376 1550 Grauidos
1395 1516 1446 1560 (A

112 1582 155 1588 —
180 1574 215 1598 u.
238 1567 282 1597 34
309 1564 371 1609 leq.
392 1564 509 1608 Ach
530 1574 599 1608 pro
624 1563 716 1607 ch

110 1609 127 1643 I
145 1621 184 1654 Ρ.
205 1613 273 1644 440
299 1622 334 1645 u.
356 1613 399 1645 37
426 1611 467 1645 in
491 1622 621 1655 appar.
641 1611 752 1646 adde.-
777 1619 924 1654 exspers
943 1611 979 1645 A
1007 1631 1048 1635 —
1075 1620 1176 1645 more
1196 1610 1232 1644 A
1259 1630 1299 1634 —
1326 1608 1448 1644 nolint

159 1657 286 1691 scitari
311 1658 346 1692 A
372 1662 405 1693 et
427 1659 530 1692 scrib.
558 1658 688 1702 Ach
708 1667 777 1702 pro
802 1658 895 1701 ch

112 1725 154 1728 —
181 1715 216 1738 u
239 1707 282 1739 39
307 1705 411 1740 scrib.
438 1705 543 1748 AVp
568 1709 601 1739 et
624 1705 754 1748 Ach

111 1771 154 1775 —
180 1762 216 1786 u.
237 1754 282 1786 40
306 1752 409 1787 scrib.
437 1752 566 1796 Ach
586 1762 657 1796 pro
680 1752 778 1796 ch,
802 1751 886 1786 item
911 1762 946 1786 u.
967 1754 1024 1793 41,
1055 1755 1088 1786 et
1113 1751 1176 1786 lin.
1199 1754 1242 1785 14
1273 1751 1338 1785 ire
1369 1762 1446 1785 uo-

157 1797 300 1833 luisse
325 1810 405 1833 cum
429 1800 465 1833 A
489 1809 556 1842 pro
580 1798 743 1833 uoluisse
767 1798 821 1832 ire

112 1865 154 1869 —-
182 1845 244 1879 lin.
268 1849 310 1880 15
334 1846 439 1881 scrib.
467 1845 521 1880 ait
545 1845 625 1880 AV
640 1857 710 1890 pro
735 1845 790 1880 ait
823 1846 857 1880 V

112 1912 154 1916 -—
182 1893 245 1927 lin.
268 1895 311 1926 16
336 1893 438 1927 scrib.
466 1892 645 1927 tirrenum
670 1892 750 1927 AV
764 1903 834 1937 pro
858 1891 1037 1926 tirrenum
1070 1892 1104 1927 V

110 1938 126 1971 Ι
146 1949 184 1982 p.
205 1943 273 1973 442
298 1951 335 1974 u.
350 1942 394 1973 42
420 1940 512 1975 dele
535 1939 659 1974 Idest
684 1943 722 1975 et
745 1939 959 1975 cancellis
983 1939 1162 1974 include
1186 1938 1445 1973 ut—uaria-

157 1997 266 2029 rum3
291 1986 423 2022 ibidem
442 1997 512 2031 pro
537 1987 629 2030 ch
648 1987 761 2022 scribe
785 1986 915 2030 Ach

109 2052 155 2057 —-
180 2044 214 2067 u.
235 2037 280 2067 43
305 2034 417 2068 uerba
446 2035 490 2068 ut
519 2032 690 2078 uirgih’us
722 2034 787 2078 (an
816 2031 1032 2078 uergilius?)
1070 2037 1297 2068 marcuerunt
1325 2033 1367 2066 in
1396 2032 1443 2066 A.

158 2080 233 2114 Pro
257 2080 347 2124 ch
367 2080 480 2115 scribe
504 2081 636 2124 Ach

111 2146 154 2150 —
181 2138 215 2161 u
237 2131 281 2161 45
306 2128 418 2163 scribe
443 2126 759 2161 habundantia
784 2138 864 2162 cum
890 2126 994 2171 AVp
1013 2137 1084 2171 pro
1109 2125 1165 2160 ab.

111 2193 153 2197 —
180 2184 216 2207 u.
236 2177 281 2207 46
306 2175 419 2209 scribe
443 2174 543 2209 AVc

110 2239 153 2244 —
180 2221 229 2254 In
253 2225 436 2265 apparatu
460 2222 572 2256 scribe
597 2222 645 2266 (u.
668 2222 702 2266 1)
727 2231 792 2256 om.
819 2221 898 2263 Ac,
923 2222 971 2264 (u.
989 2222 1022 2265 1)
1048 2231 1113 2255 om.
1140 2219 1226 2262 AV,
1251 2220 1300 2262 (u
1315 2220 1350 2263 6)
1375 2229 1441 2254 om.

157 2267 242 2310 AV,
274 2270 321 2312 (u.
344 2269 378 2312 8)
410 2267 450 2301 id
476 2285 518 2296 =
545 2267 643 2302 idest
667 2269 702 2303 A
735 2269 847 2313 (quod
874 2268 1017 2313 quidem
1045 2270 1136 2302 recte
1164 2266 1376 2310 scripseram
1401 2277 1445 2300 ex

156 2315 389 2358 coniectura),
414 2327 449 2349 u.
471 2318 491 2348 9
517 2316 625 2359 Acp,
650 2317 751 2349 u.10
777 2314 874 2349 oliue
900 2315 936 2349 A
