1638 2528
103 719 149 750 10

103 1014 147 1045 15

101 1308 148 1340 20

101 1603 147 1634 25

175 61 262 110 248
615 65 777 103 SCHOL.
792 62 839 102 Γ’
847 66 883 102 V
895 65 950 102 IN
971 66 1085 103 HOR.

177 179 332 218 fidelior
361 180 398 217 ei
427 178 648 227 uideretur,
677 179 907 228 parcissime
938 179 1174 229 epulabatur
1202 180 1245 218 in
1274 181 1447 229 tantum,
1476 183 1525 219 ut

175 238 412 277 intermissis
444 237 629 276 carnibus
659 237 790 276 herbis
820 240 1054 287 uesceretur,
1086 239 1129 277 at
1157 238 1200 276 in
1230 241 1380 278 secreto
1405 240 1523 290 gulae

174 297 408 347 indulgeret.
469 295 582 335 Vnde
619 296 718 335 dicit
753 298 888 346 poeta:
930 298 973 335 in
1008 297 1137 335 medio
1174 298 1369 337 sociorum
1400 298 1519 337 absti-

174 368 271 395 nens
307 357 490 406 protinus
527 357 584 394 sic
620 355 747 404 uiuis,
788 357 835 394 ut
869 357 910 394 te
947 357 1085 395 statim
1113 357 1271 395 inauret
1299 358 1411 396 riuus
1442 358 1519 396 for-

173 417 312 464 tunae,
349 415 453 454 idest
482 416 608 454 tantis
639 416 781 453 frueris
812 414 982 463 diuitiis,
1015 416 1173 464 quantis
1202 415 1313 454 Mida
1342 429 1420 466 τοι,
1449 415 1518 465 qui

173 476 312 524 petens
345 474 394 512 ab
425 473 629 524 Apolline,
659 475 707 511 ut
738 475 883 523 omnia,
913 486 1014 523 quae
1044 475 1237 525 tangeret,
1268 486 1407 513 aurum
1436 474 1518 513 effi-

174 535 372 582 cerentur,
409 535 548 582 postea
585 533 731 581 doluit,
770 534 864 582 quia
903 532 1033 571 cibum
1070 535 1232 584 tangere
1268 546 1347 572 non
1376 533 1518 584 potuit,

172 594 271 642 quin
301 592 440 631 statim
470 593 514 630 in
546 604 686 630 aurum
715 593 954 640 uerteretur,
985 604 1274 642 conuersusque
1305 593 1356 631 ad
1384 605 1519 643 preces

173 651 360 701 Apolline
395 663 627 701 responsum
665 651 784 689 dante
822 651 961 689 mersit
991 653 1111 700 caput
1139 652 1182 689 in
1213 651 1417 690 Pactolum
1446 651 1519 689 flu-

174 711 285 748 uium
325 711 457 760 sicque
494 711 578 759 ipse
609 711 793 760 priuatus
825 711 885 749 est
913 723 1040 760 poena
1073 712 1113 748 et
1141 710 1327 749 Pactolus
1358 723 1519 750 auream

173 769 363 808 harenam
393 769 518 807 traxit
549 763 682 822 (F'V,·
710 784 735 807 ν
760 769 909 807 duobus
939 769 1030 807 locis

291 828 452 867 Sensus:
496 829 530 867 si
566 841 660 866 uero
698 841 746 866 ne
782 828 844 866 his
875 828 1033 878 quidem
1066 828 1277 877 fructibus,
1315 841 1412 878 quos
1442 828 1519 867 tibi

172 888 294 939 agelli
330 887 444 936 dant,
487 900 594 938 eges,
637 889 678 925 et
713 889 920 926 contentus
957 899 997 926 es
1035 888 1100 925 uel
1130 887 1251 926 herba
1282 888 1347 926 uel
1377 889 1519 936 urtica,

171 947 245 985 hoc
299 949 375 985 est:
430 947 465 985 si
518 959 589 996 per
641 947 744 984 hanc
793 946 1075 985 abstinentiam
1124 946 1283 985 Stoicen
1332 947 1519 996 sequeris,

172 1018 357 1057 magnas,
387 1006 533 1055 inquit,
564 1006 728 1044 diuitias
760 1018 806 1043 ex
835 1006 910 1044 hac
940 1007 1028 1043 uita
1059 1007 1316 1055 consequeris.
1377 1005 1517 1044 Abste-

171 1066 275 1103 mius
307 1066 440 1103 autem
471 1066 734 1115 compositum
765 1065 825 1103 est
850 1077 895 1103 ex
920 1077 977 1113 eo,
1008 1065 1115 1114 quod
1138 1065 1337 1103 abstineat
1359 1066 1520 1112 temeto,

171 1124 275 1162 idest
299 1125 403 1162 uino.
453 1124 558 1162 Nam
582 1124 641 1161 hii
667 1123 850 1162 abstemii
874 1123 1075 1173 dicuntur3
1101 1124 1169 1162 sed
1193 1124 1258 1162 hic
1284 1124 1519 1162 abstemium

172 1182 364 1231 sobrium,
402 1183 665 1221 abstinentem
704 1184 743 1221 et
772 1183 815 1220 in
846 1183 1027 1221 omnibus
1059 1184 1288 1221 contentum
1319 1182 1520 1234 significat

174 1236 192 1294 (
293 1296 337 1340 8.
373 1299 590 1338 Confestim
621 1302 660 1338 et
690 1301 870 1349 protinus
900 1301 1032 1338 iunxit
1061 1300 1271 1351 indulgens
1302 1297 1520 1351 ἕνφάσ<ε>ι

159 1346 390 1398 ‘commatis
422 1354 490 1411 (Γ
499 1359 521 1396 b
527 1359 596 1406 fE
607 1359 644 1397 V

294 1413 369 1457 12.
419 1418 669 1456 Democritus
700 1418 977 1467 philosophus,
1007 1418 1214 1456 hortorum
1246 1419 1418 1466 amator,
1451 1419 1520 1467 qui

173 1477 267 1515 dum
308 1477 584 1527 philosophiae
626 1478 803 1515 intentus
847 1479 923 1525 est,
966 1477 1101 1515 hortos
1144 1478 1228 1515 eius
1270 1488 1388 1526 pecus
1431 1478 1518 1526 ipso

173 1538 378 1586 praesente
410 1537 652 1586 consumpsit
684 1530 753 1588 (Γ’
761 1536 782 1573 b
790 1536 816 1583 f
825 1536 860 1573 V

292 1594 571 1634 *Democritus
603 1595 815 1633 Abderites
846 1595 924 1632 fuit
954 1596 1140 1633 inuentor
1171 1596 1410 1644 atomorum,
1442 1607 1521 1643 qua

294 1746 312 1776 1
340 1742 390 1789 ei]
416 1754 482 1778 om.
503 1756 525 1777 ν
551 1743 613 1778 alt.
634 1743 701 1778 LV
793 1746 812 1777 2
840 1742 1012 1777 carnibus
1031 1743 1065 1789 r]
1093 1742 1319 1778 carminibus
1340 1755 1391 1787 γν
1414 1746 1519 1777 utru-

173 1789 278 1834 bique
305 1790 339 1825 V
477 1791 517 1824 at
548 1790 587 1824 in
613 1791 755 1824 secreto
780 1789 891 1835 gulae
917 1790 1018 1835 (gide
1043 1804 1065 1825 ν
1084 1791 1147 1826 alt.
1169 1790 1206 1834 l.)
1231 1789 1443 1834 indulgeret
1468 1802 1519 1833 γν

174 1838 236 1872 alt.
258 1837 279 1872 l.
311 1837 351 1871 in
387 1838 527 1871 secreto
560 1837 685 1871 autem
716 1836 803 1882 gule
828 1837 1041 1883 indulgeret
1067 1839 1101 1873 V
1120 1838 1160 1871 at
1184 1837 1223 1871 in
1249 1838 1431 1871 secretum
1456 1846 1520 1871 ue-

173 1884 279 1918 niens
310 1883 421 1929 gulae
452 1883 674 1929 indulgebat
698 1897 720 1919 ν
745 1884 807 1919 alt.
829 1884 850 1918 l.
884 1885 924 1918 at
953 1884 993 1918 in
1024 1886 1206 1919 secretum
1230 1884 1383 1918 ueniens
1408 1882 1519 1928 gulae

173 1930 335 1966 uacabat
353 1942 373 1965 r
468 1934 489 1965 3
510 1931 692 1966 sociorum
711 1933 772 1966 Γν
792 1932 853 1966 alt.
863 1932 885 1966 l.
896 1931 946 1977 V]
968 1932 1151 1966 sociorum
1171 1931 1315 1976 positus
1335 1943 1356 1964 ν
1376 1931 1469 1965 alm.

174 1981 195 2011 4
220 1979 259 2012 te
285 1977 414 2012 statim
433 1980 494 2013 Γν
513 1979 575 2013 alt.
597 1979 618 2013 l.
629 1978 679 2024 V]
700 1978 896 2013 confestim
915 1992 937 2013 ν
956 1979 1018 2013 alt.
1040 1979 1061 2013 l.
1160 1982 1179 2012 6
1205 1979 1335 2022 petens
1355 1990 1376 2012 ν
1395 1977 1457 2011 alt.
1479 1977 1518 2022 l.]

173 2024 290 2069 peciit
316 2026 351 2060 V
369 2026 514 2070 petiens
541 2027 575 2060 Γ
595 2025 740 2070 peticus
766 2039 787 2060 ν
807 2025 869 2060 alt.
891 2026 912 2059 l.
1012 2029 1033 2059 8
1059 2026 1266 2060 uerteretur
1291 2037 1341 2068 γν
1360 2024 1422 2058 alt.
1433 2024 1454 2058 l.
1466 2024 1517 2070 V]

172 2073 380 2107 mutaretur
403 2084 451 2107 rw
596 2076 639 2107 10
671 2082 821 2107 auream
852 2072 1029 2107 harenam
1054 2072 1089 2118 r]
1115 2072 1292 2106 harenam
1321 2081 1471 2105 auream
1497 2084 1518 2115 γ

173 2129 325 2153 auream
351 2130 501 2153 arenam
517 2119 551 2154 V
571 2130 721 2154 arenam
746 2130 896 2154 auream
921 2132 943 2153 ν
963 2119 1156 2163 utrubique
1253 2121 1295 2152 16
1322 2118 1381 2163 ex]
1408 2118 1456 2152 ab
1477 2118 1519 2161 V,

173 2165 195 2200 b
213 2165 306 2200 absc.
405 2169 447 2200 17
474 2166 579 2212 uino]
605 2166 717 2201 anino
743 2167 777 2201 V
796 2166 925 2200 uinum
951 2165 972 2199 b
1066 2165 1121 2200 hii
1147 2165 1256 2210 yvbf
1297 2164 1337 2199 hi
1362 2165 1429 2199 ΥΕ
1443 2165 1477 2199 V

173 2211 250 2258 hic]
277 2213 389 2247 om.V
480 2216 525 2247 23
551 2214 607 2248 est
627 2213 764 2259 yva]
786 2214 883 2248 esset
900 2212 949 2255 rf
1038 2212 1079 2247 h:
1101 2223 1136 2247 e:
1157 2224 1199 2257 p:
1219 2211 1249 2246 i:
1286 2212 1367 2256 ipso
1387 2213 1519 2257 psente

172 2259 331 2303 pecusV
422 2262 467 2293 24
493 2260 723 2305 consumpsit
746 2260 825 2306 rV]
852 2259 1036 2294 consumit
1061 2260 1169 2304 yvbf
1259 2263 1303 2293 25
1330 2269 1404 2303 qua
1424 2258 1517 2304 F'b]

175 2306 264 2350 quia
288 2306 311 2349 f
331 2306 431 2349 quod
458 2307 540 2341 edit.
