1638 2528
669 86 810 123 SERM.
823 86 858 123 11
876 90 897 122 3
1374 87 1459 130 149

232 198 474 239 *Cardianus
499 212 621 251 genus
646 199 775 238 morbi
793 200 943 252 uigiliis
962 200 1194 249 laborantis,
1218 201 1460 239 eontrarium

112 260 303 310 letargico
335 254 408 312 (rv

231 329 422 369 Craterus
448 331 568 369 fuisse
600 330 746 369 dicitur
775 330 856 369 illis
887 330 1131 380 temporibus
1162 330 1459 381 opinatissimus

111 389 286 428 medicus
318 385 436 443 (P'V
455 400 555 428 cons.
580 389 721 438 Porph.

233 455 341 500 163.
379 460 541 499 *Aouto
564 454 646 514 (ν)]
701 459 961 511 Penetrabili,
990 461 1227 512 pernicioso,
1257 462 1384 512 graui,
1415 462 1461 500 ut

113 520 209 558 alibi
240 515 365 572 (epist.
390 519 411 557 I
439 521 505 568 10,
534 514 626 573 17):

291 602 390 641 Cum
427 603 547 642 semel
584 604 738 653 aceepit
773 603 896 643 solem
925 603 1160 642 furibundus
1192 604 1353 642 acutum
1384 598 1442 654 (Γ
1448 600 1460 614 ’

230 697 376 747 *Rien‚
418 698 555 748 rionis,
600 698 795 748 quomodo
831 698 911 737 lien
947 698 1082 747 lienis,
1121 698 1225 738 idest
1261 692 1349 751 (leq.
1374 692 1458 751 uel)

112 758 236 808 splen,
267 758 415 808 splenis
447 751 523 811 (F‘

235 823 343 868 166.
398 829 574 879 Nauiget
603 828 840 878 Anticyram
873 822 954 882 (ν)]
1014 828 1079 867 Ad
1109 828 1361 878 Anticyram,
1392 827 1462 866 ubi

114 887 330 926 elleborum
360 889 549 938 nascitur,
582 899 659 937 quo
691 888 942 937 perturbatas
973 889 1124 926 mentes
1153 887 1296 926 medici
1321 898 1461 926 sanare

112 949 349 986 consuerunt
380 941 496 999 (P'V

232 1016 257 1067 ἓ
270 1017 480 1057 Balatroni
498 1012 601 1071 (οζ)]
644 1017 810 1057 Scurrae
836 1020 876 1056 et
899 1017 1064 1056 triuiali.
1113 1017 1218 1057 Nam
1236 1017 1461 1056 balatrones

113 1076 299 1115 dicuntur
328 1078 470 1115 rustici
499 1077 677 1116 homines
706 1078 835 1127 inepti
865 1079 906 1116 et
934 1077 1114 1116 triuiales
1147 1071 1215 1131 (Γ
1230 1077 1282 1116 Vc
1289 1077 1311 1124 ζ

231 1146 257 1196 ξ
270 1147 432 1187 Publius
453 1147 645 1187 Seruilius
664 1148 829 1188 Balatro
859 1148 987 1187 multa
1016 1150 1058 1187 in
1077 1148 1303 1200 Augustum
1329 1159 1460 1186 amare

114 1203 191 1258 [et]
223 1220 302 1246 non
334 1208 417 1245 sine
448 1207 533 1246 ioco
563 1207 673 1246 dixit.
723 1207 818 1246 Fuit
843 1209 976 1246 autem
1000 1209 1136 1246 tantus
1162 1207 1384 1256 deneratam,
1414 1209 1462 1245 ut

113 1266 234 1304 simili
278 1267 378 1305 uitio
415 1266 640 1306 laborantes
678 1266 902 1306 balatrones
939 1266 1037 1306 dicti
1073 1268 1164 1306 sint.
1189 1263 1203 1318 ΙΙ
1234 1266 1289 1305 Et
1325 1269 1384 1305 est
1419 1266 1461 1304 in

114 1327 200 1375 ipso
232 1338 350 1364 uersu
381 1338 532 1365 sensus:
569 1325 663 1376 quid
694 1326 876 1376 interest,
906 1328 1040 1365 utrum
1071 1338 1149 1365 non
1179 1327 1307 1364 utaris
1338 1337 1388 1364 an
1419 1326 1461 1363 in

114 1384 317 1423 baratrum
347 1383 513 1423 mittas?
558 1385 655 1434 quid
686 1385 791 1424 enim
820 1385 982 1436 prodest
1012 1398 1144 1424 carere
1175 1386 1275 1424 uitio
1305 1385 1396 1434 hoo,
1429 1385 1461 1423 si

115 1443 193 1481 alio
224 1442 422 1483 tenearis?
454 1439 556 1497 (P'f
566 1444 647 1491 Vct

237 1509 346 1555 168.
403 1513 428 1564 ἓ
443 1514 605 1553 Seruius
646 1514 839 1565 Oppidius
877 1510 960 1569 (v)]
1019 1515 1106 1554 Hoc
1148 1515 1369 1565 exemplum
1412 1514 1462 1553 ad

115 1572 216 1611 illud
246 1574 420 1624 pertinet
450 1568 506 1627 (u.
536 1569 658 1628 158):

329 1654 518 1699 Quisnam
549 1657 674 1706 igitur
703 1654 849 1695 sanus?

115 1749 220 1799 Ergo
253 1751 341 1799 quis
373 1761 490 1788 sanus
522 1748 608 1789 est?
644 1750 739 1789 talis
770 1752 846 1799 est,
879 1751 1007 1800 qualis
1037 1748 1231 1801 Oppidius
1262 1750 1309 1789 de
1341 1751 1463 1790 facul-

114 1808 264 1847 tatibus
296 1808 376 1847 suis
409 1809 512 1847 eirea
542 1809 687 1847 liberos
718 1809 807 1858 fuit,
839 1811 909 1859 qui
932 1810 1046 1848 iuxta
1072 1810 1279 1859 antiquum
1304 1822 1462 1849 censum

116 1868 226 1906 diues
258 1869 443 1906 inuentus
475 1869 534 1906 est
566 1862 738 1921 (1⁹ch

234 2008 255 2038 5
280 2004 484 2049 pernitioso
511 2006 546 2038 Γ
663 2008 706 2039 13
732 2004 954 2039 balathrone
979 2018 1001 2040 ν
1026 2005 1138 2040 lemm.
1235 2004 1379 2040 triuiali
1403 2006 1459 2052 εξ]

114 2051 278 2086 triuialis
297 2051 390 2086 P'V
480 2051 694 2087 balatrones
713 2052 800 2106 νεζ]
820 2050 1059 2087 balathrones
1079 2066 1100 2097 y
1119 2051 1339 2088 balathoues
1357 2053 1421 2088 rV

118 2102 160 2132 14
186 2097 355 2133 triuiales
379 2099 413 2145 c]
440 2098 609 2134 tribiales
634 2098 727 2134 P'V
745 2098 900 2134 trinales
926 2102 946 2141 ζ
1054 2103 1096 2134 15
1123 2099 1295 2135 seruilius
1319 2100 1459 2147 γνίοζ]

114 2145 289 2190 nii-gilius
312 2146 376 2181 rV
467 2145 612 2181 balatro
636 2146 719 2192 seg]
745 2146 896 2181 baratro
921 2146 1014 2181 er
1033 2145 1192 2181 bar-atho
1216 2160 1238 2192 y
1354 2151 1396 2182 1⁶
1423 2149 1462 2182 et

116 2203 189 2226 non
207 2195 253 2234 εξ
269 2203 343 2227 non
362 2196 438 2228 cett.
459 2204 528 2228 nec
545 2194 629 2229 edit.
746 2197 788 2228 17
809 2193 1022 2228 balatrones
1041 2194 1064 2237 f
1073 2193 1123 2230 Vc
1129 2193 1162 2240 ζ]
1182 2194 1425 2230 barathronea
1439 2208 1461 2230 ν

116 2239 340 2275 barathones
359 2254 381 2285 y
403 2239 578 2276 bati-ones
597 2253 617 2276 r
713 2242 809 2276 et—
822 2240 999 2286 tenearis]
1020 2241 1087 2276 del.
1103 2241 1222 2276 Ritter
1317 2245 1362 2277 24
1381 2242 1461 2287 opi-

118 2286 200 2320 dius
228 2287 302 2328 ch
401 2291 446 2322 25
470 2287 623 2334 liberos]
649 2287 778 2323 liberis
803 2289 866 2325 rV
956 2287 1029 2323 fuit
1054 2288 1120 2335 yv]
1146 2299 1212 2324 om.
1233 2289 1326 2332 er3
1352 2290 1409 2324 est
1433 2292 1461 2334 ζ,

115 2333 177 2368 sed
196 2344 283 2378 pon.
310 2334 405 2370 inter
429 2334 551 2379 qualis
575 2339 608 2370 et
633 2335 782 2380 opidius
879 2335 1050 2380 antiqum
1069 2338 1090 2377 ζ
1182 2339 1227 2370 26
1247 2336 1319 2383 est]
1339 2347 1463 2372 om.rv

1509 468 1534 499 5

1487 835 1533 867 10

1488 1156 1534 1188 15

1486 1451 1533 1483 20

1487 1818 1532 1850 25
