1620 2524
165 115 216 164 vi
703 113 976 150 PRAEFATIO

163 227 388 265 interuallis
436 227 619 265 accurate
668 225 855 265 dimensis
899 228 970 265 aut
1012 226 1170 276 adpicto
1212 228 1360 277 puncto
1403 227 1516 266 uelut

164 285 426 324 dubitationis
451 285 599 323 indicio
624 284 847 336 significare
873 285 1037 334 solebat,
1067 284 1189 324 uerba
1214 286 1400 336 corrupta
1424 297 1515 324 nus-

165 356 286 393 quam
310 357 358 383 ex
381 357 452 383 suo
470 344 631 395 ingenio
656 345 802 383 temere
827 343 1068 396 corrigebat;
1094 356 1194 393 quae
1218 345 1352 383 omnia
1375 356 1515 394 persus

163 403 282 441 aliter
312 404 408 441 fecit
438 402 484 451 Z,
514 404 561 441 ut
591 415 681 441 cum
711 402 848 442 multis
879 403 970 441 aliis
1001 405 1087 441 tum
1117 403 1224 441 hisce
1254 403 1516 442 demonstrari

161 462 257 500 licet
287 462 493 511 exemplis:

163 556 193 582 c.
214 543 256 581 II
289 545 356 592 11,
378 545 429 581 11
465 555 589 593 capax
620 541 671 582 P'
876 556 910 582 a.
936 557 974 593 p.
1002 545 1085 582 402
1118 540 1419 595 prouenturum]

465 615 544 652 pax
582 603 618 640 V
1117 601 1333 652 prouener?
1373 604 1409 640 V

464 673 538 710 par
569 673 620 710 cp
1116 673 1230 710 posse
1260 661 1404 700 habere
1434 662 1483 708 εζ

163 732 197 758 a.
224 734 261 769 p.
290 721 373 758 179
408 733 428 758 e
458 720 627 770 pistrino
657 720 755 768 I'bf
876 732 910 758 a.
937 733 973 770 p.
1001 721 1086 758 422
1118 716 1260 771 igitur]

406 779 599 828 epiferino
638 779 676 817 V
1119 780 1223 830 regit
1263 779 1297 816 V

405 838 448 875 in
479 838 669 888 epifermo
701 838 749 884 οζ
1118 840 1222 876 recte
1252 838 1300 884 εζ

162 910 197 934 a.
222 910 260 946 p.
289 897 374 935 270
406 897 448 934 in
478 892 593 948 iocis]
878 910 911 934 a.
938 910 975 946 p.
1004 897 1087 934 437
1121 892 1300 947 coruum]

405 956 448 993 in
478 955 588 993 uocis
627 954 665 994 V
1119 967 1326 994 ceruorum
1366 955 1402 993 V

404 1015 447 1051 in
477 1015 588 1052 uocis
619 1026 714 1052 sono
746 1014 795 1060 σζ
1119 1026 1257 1052 coruos
1288 1014 1335 1060 οξ

163 1085 197 1110 a.
223 1086 261 1123 p.
291 1074 374 1110 274
405 1085 476 1122 pro
494 1074 578 1110 arte
597 1068 803 1124 rithmica]
877 1085 911 1110 a.
938 1086 975 1122 p.
1004 1074 1085 1110 441
1120 1067 1374 1123 productum]

405 1144 476 1180 pro
506 1131 658 1169 artibus
689 1133 803 1169 meti·
1118 1131 1224 1180 quod
1272 1131 1433 1169 ductum
1483 1131 1520 1168 V

477 1202 523 1228 ca
556 1190 594 1229 V
619 1192 727 1228 omis.
759 1190 807 1236 οζ
1190 1185 1240 1243 (q
1261 1201 1338 1237 pro
1368 1184 1421 1246 p)

164 1261 197 1286 a.
224 1262 261 1298 p.
291 1249 373 1287 287
408 1244 618 1299 desissent]
1118 1249 1280 1287 ductum
1295 1259 1315 1286 e
1334 1247 1483 1286 dictum
1497 1248 1518 1294 ζ

407 1307 606 1346 dedissent
644 1308 682 1345 V
877 1320 910 1346 a.
937 1321 975 1356 p.
1002 1308 1086 1345 465
1118 1302 1252 1358 tarda]

406 1366 599 1415 cepissent
629 1377 649 1403 c
679 1367 803 1416 cepis·
1118 1379 1145 1403 n
1175 1366 1226 1404 da
1265 1365 1302 1404 V

477 1427 564 1463 sent
596 1425 617 1471 ζ
1093 1426 1225 1463 omis.
1256 1424 1306 1470 οζ

817 1566 867 1604 II.

620 1660 684 1698 De
716 1662 994 1699 recensione
1027 1662 1064 1698 Γ

282 1754 469 1793 Recensio
507 1755 544 1791 Γ
577 1748 676 1806 (ryb
713 1755 778 1792 uel
816 1749 933 1807 alii*)
965 1755 1112 1804 partim
1144 1767 1190 1792 ex
1219 1755 1444 1793 recensione
1475 1753 1512 1802 ἓ,

163 1814 310 1862 partim
344 1834 398 1838 —
431 1824 501 1850 nec
533 1813 660 1850 solum
691 1812 759 1850 ubi
789 1813 907 1851 huius
938 1814 1174 1851 recensionis
1206 1814 1358 1851 auctori
1383 1811 1408 1861 ξ
1434 1825 1511 1850 non

164 1873 255 1908 ante
299 1871 434 1909 oculos
477 1873 563 1908 erat
606 1872 653 1908 ut
688 1872 731 1908 in
768 1872 986 1908 carminum
1022 1871 1124 1909 libro
1163 1873 1320 1919 quarto,
1365 1871 1512 1919 epodis,

164 1929 337 1967 carmine
362 1929 555 1967 saeculari
580 1949 637 1954 —
663 1941 709 1966 ex
727 1929 998 1978 Porphyrione
1024 1929 1236 1978 compilata
1256 1930 1327 1976 est,
1351 1928 1513 1978 insuper

165 1987 328 2026 adiectis
347 1987 554 2036 permultis
573 1986 867 2035 additamentis,
891 1999 991 2035 quae
1011 1989 1081 2025 aut
1100 1987 1258 2025 aliunde
1278 1987 1511 2035 deprompta

164 2047 235 2084 aut
265 2046 314 2083 ab
345 2046 432 2094 ipso
463 2045 676 2083 scholiasta
706 2046 869 2083 inuenta
901 2047 1028 2083 erant:
1060 2045 1130 2093 qui
1161 2045 1321 2094 quidem
1351 2047 1396 2082 ut
1421 2056 1511 2082 acu-

164 2104 330 2143 tioribus
362 2103 508 2142 criticis
540 2103 791 2141 adnumerari
822 2115 900 2141 non
931 2105 1072 2151 potest,
1102 2103 1161 2141 ita
1190 2103 1412 2140 incredibili
1443 2103 1510 2141 ad-

164 2162 351 2201 siduitate
383 2175 428 2200 ac
459 2161 670 2200 sedulitate
707 2161 832 2199 multo
869 2161 986 2210 plura
1023 2173 1141 2210 quam
1182 2161 1299 2199 ceteri
1338 2160 1509 2209 undique

282 2298 299 2315 *
325 2297 549 2340 oefCELez
582 2297 619 2330 et
649 2306 735 2340 pars
767 2309 805 2330 v:
842 2295 888 2330 de
919 2295 1054 2338 quibus
1086 2294 1255 2329 omnibus
1287 2294 1374 2329 uide
1399 2294 1472 2328 uol.
1493 2295 1510 2328 I

164 2343 436 2388 praefationem
463 2355 498 2388 p.
519 2342 603 2377 VIII
617 2354 695 2387 sqq.
