<?xml version="1.0" encoding="UTF-8"?>
<!DOCTYPE html PUBLIC "-//W3C//DTD XHTML 1.0 Transitional//EN"
    "http://www.w3.org/TR/xhtml1/DTD/xhtml1-transitional.dtd">
<html xmlns="http://www.w3.org/1999/xhtml" xml:lang="en" lang="en">
 <head>
  <title>
</title>
<meta http-equiv="Content-Type" content="text/html;charset=utf-8" />
  <meta name='ocr-system' content='tesseract 3.04.00' />
  <meta name='ocr-capabilities' content='ocr_page ocr_carea ocr_par ocr_line ocrx_word'/>
</head>
<body>
  <div class='ocr_page' id='page_1' title='image "./pseudacronisscho02kelluoft_0382.png"; bbox 0 0 1626 2524; ppageno 0'>
   <div class='ocr_carea' id='block_1_1' title="bbox 143 79 1049 122">
    <p class='ocr_par' dir='ltr' id='par_1_1' title="bbox 143 79 1049 122">
     <span class='ocr_line' id='line_1_1' title="bbox 143 79 1049 122; baseline -0.004 0"><span class='ocrx_word' id='word_1_1' title='bbox 143 79 229 122; x_wconf 82' lang='grc'>362</span> <span class='ocrx_word' id='word_1_2' title='bbox 579 79 740 117; x_wconf 85' lang='lat' dir='ltr'>SCHOL.</span> <span class='ocrx_word' id='word_1_3' title='bbox 755 80 802 116; x_wconf 89' lang='grc' dir='ltr'>Γ’</span> <span class='ocrx_word' id='word_1_4' title='bbox 811 81 847 117; x_wconf 84' lang='lat' dir='ltr'><strong><em>V</em></strong></span> <span class='ocrx_word' id='word_1_5' title='bbox 859 81 912 116; x_wconf 79' lang='lat' dir='ltr'>m</span> <span class='ocrx_word' id='word_1_6' title='bbox 934 81 1049 118; x_wconf 84' lang='lat' dir='ltr'>HOR.</span> 
     </span>
    </p>
   </div>
   <div class='ocr_carea' id='block_1_2' title="bbox 140 192 1487 307">
    <p class='ocr_par' dir='ltr' id='par_1_2' title="bbox 140 192 1487 307">
     <span class='ocr_line' id='line_1_2' title="bbox 140 192 1482 244; baseline 0.003 -13"><span class='ocrx_word' id='word_1_7' title='bbox 140 193 271 242; x_wconf 83' lang='lat' dir='ltr'>prima</span> <span class='ocrx_word' id='word_1_8' title='bbox 311 192 482 231; x_wconf 85' lang='lat' dir='ltr'>infantia</span> <span class='ocrx_word' id='word_1_9' title='bbox 525 193 676 233; x_wconf 82' lang='lat' dir='ltr'>animos</span> <span class='ocrx_word' id='word_1_10' title='bbox 712 193 996 243; x_wconf 78' lang='lat' dir='ltr'>Romanorum,</span> <span class='ocrx_word' id='word_1_11' title='bbox 1039 194 1275 244; x_wconf 82' lang='lat' dir='ltr'>sperandum</span> <span class='ocrx_word' id='word_1_12' title='bbox 1317 197 1378 235; x_wconf 90' lang='lat' dir='ltr'>est</span> <span class='ocrx_word' id='word_1_13' title='bbox 1416 207 1482 235; x_wconf 87' lang='lat' dir='ltr'>eos</span> 
     </span>
     <span class='ocr_line' id='line_1_3' title="bbox 141 248 1487 307; baseline 0.002 -17"><span class='ocrx_word' id='word_1_14' title='bbox 141 264 255 301; x_wconf 90' lang='lat' dir='ltr'>posse</span> <span class='ocrx_word' id='word_1_15' title='bbox 286 251 452 290; x_wconf 85' lang='lat' dir='ltr'>scribere</span> <span class='ocrx_word' id='word_1_16' title='bbox 478 252 654 291; x_wconf 83' lang='lat' dir='ltr'>carmina</span> <span class='ocrx_word' id='word_1_17' title='bbox 677 252 904 302; x_wconf 85' lang='lat' dir='ltr'>recipienda</span> <span class='ocrx_word' id='word_1_18' title='bbox 927 254 971 292; x_wconf 86' lang='lat' dir='ltr'>in</span> <span class='ocrx_word' id='word_1_19' title='bbox 995 253 1301 293; x_wconf 81' lang='lat' dir='ltr'>auctoritatem?</span> <span class='ocrx_word' id='word_1_20' title='bbox 1325 248 1395 307; x_wconf 72' lang='grc' dir='ltr'>(Γ</span> <span class='ocrx_word' id='word_1_21' title='bbox 1405 254 1487 302; x_wconf 54' lang='lat' dir='ltr'>Vc?</span> 
     </span>
    </p>
   </div>
   <div class='ocr_carea' id='block_1_3' title="bbox 94 317 1485 607">
    <p class='ocr_par' dir='ltr' id='par_1_3' title="bbox 260 317 1481 377">
     <span class='ocr_line' id='line_1_4' title="bbox 260 317 1481 377; baseline 0.003 -17"><span class='ocrx_word' id='word_1_22' title='bbox 260 317 370 362; x_wconf 78' lang='grc'><strong>332.</strong></span> <span class='ocrx_word' id='word_1_23' title='bbox 419 320 636 372; x_wconf 76' lang='lat' dir='ltr'>§Linonda</span> <span class='ocrx_word' id='word_1_24' title='bbox 666 335 696 362; x_wconf 91' lang='lat' dir='ltr'>c.</span> <span class='ocrx_word' id='word_1_25' title='bbox 723 324 764 362; x_wconf 89' lang='lat' dir='ltr'>et</span> <span class='ocrx_word' id='word_1_26' title='bbox 793 324 819 362; x_wconf 90' lang='grc'>1.</span> <span class='ocrx_word' id='word_1_27' title='bbox 844 335 874 362; x_wconf 93' lang='lat' dir='ltr'>s.</span> <span class='ocrx_word' id='word_1_28' title='bbox 900 335 931 362; x_wconf 90' lang='lat' dir='ltr'>c.</span> <span class='ocrx_word' id='word_1_29' title='bbox 957 318 1035 377; x_wconf 85' lang='lat' dir='ltr'>(c)]</span> <span class='ocrx_word' id='word_1_30' title='bbox 1096 320 1316 364; x_wconf 74' lang='lat' dir='ltr'>‘Linenda&#39;</span> <span class='ocrx_word' id='word_1_31' title='bbox 1347 327 1481 364; x_wconf 84' lang='lat' dir='ltr'>autem</span> 
     </span>
    </p>

    <p class='ocr_par' dir='ltr' id='par_1_4' title="bbox 142 378 1485 432">
     <span class='ocr_line' id='line_1_5' title="bbox 142 378 1485 432; baseline 0.004 -13"><span class='ocrx_word' id='word_1_32' title='bbox 142 378 277 420; x_wconf 77' lang='lat' dir='ltr'>‘cedro</span> <span class='ocrx_word' id='word_1_33' title='bbox 308 382 349 420; x_wconf 85' lang='lat' dir='ltr'>et</span> <span class='ocrx_word' id='word_1_34' title='bbox 378 381 460 419; x_wconf 88' lang='lat' dir='ltr'>leui</span> <span class='ocrx_word' id='word_1_35' title='bbox 489 382 682 421; x_wconf 86' lang='lat' dir='ltr'>seruanda</span> <span class='ocrx_word' id='word_1_36' title='bbox 712 379 914 432; x_wconf 86' lang='lat' dir='ltr'>cupresso&#39;</span> <span class='ocrx_word' id='word_1_37' title='bbox 947 382 1066 432; x_wconf 84' lang='lat' dir='ltr'>dixit,</span> <span class='ocrx_word' id='word_1_38' title='bbox 1102 385 1148 422; x_wconf 93' lang='lat' dir='ltr'>ut</span> <span class='ocrx_word' id='word_1_39' title='bbox 1177 384 1273 423; x_wconf 80' lang='lat' dir='ltr'>haec</span> <span class='ocrx_word' id='word_1_40' title='bbox 1302 385 1485 424; x_wconf 77' lang='lat' dir='ltr'>carmina.</span> 
     </span>
    </p>

    <p class='ocr_par' dir='ltr' id='par_1_5' title="bbox 94 441 1479 490">
     <span class='ocr_line' id='line_1_6' title="bbox 94 441 1479 490; baseline 0.002 -12"><span class='ocrx_word' id='word_1_41' title='bbox 94 448 114 479; x_wconf 86' lang='lat'>5</span> <span class='ocrx_word' id='word_1_42' title='bbox 140 442 179 478; x_wconf 88' lang='grc'>111</span> <span class='ocrx_word' id='word_1_43' title='bbox 221 441 456 490; x_wconf 88' lang='lat' dir='ltr'>perpetuum</span> <span class='ocrx_word' id='word_1_44' title='bbox 497 442 683 480; x_wconf 84' lang='lat' dir='ltr'>maneant</span> <span class='ocrx_word' id='word_1_45' title='bbox 722 443 851 481; x_wconf 88' lang='lat' dir='ltr'>unctis</span> <span class='ocrx_word' id='word_1_46' title='bbox 887 442 930 480; x_wconf 89' lang='lat' dir='ltr'>in</span> <span class='ocrx_word' id='word_1_47' title='bbox 966 443 1134 481; x_wconf 88' lang='lat' dir='ltr'>circuitu</span> <span class='ocrx_word' id='word_1_48' title='bbox 1170 442 1317 483; x_wconf 79' lang='lat' dir='ltr'>chartis</span> <span class='ocrx_word' id='word_1_49' title='bbox 1353 443 1479 482; x_wconf 81' lang='lat' dir='ltr'>cedro.</span> 
     </span>
    </p>

    <p class='ocr_par' dir='ltr' id='par_1_6' title="bbox 138 496 1484 607">
     <span class='ocr_line' id='line_1_7' title="bbox 139 496 1484 554; baseline 0.003 -17"><span class='ocrx_word' id='word_1_50' title='bbox 139 498 318 549; x_wconf 87' lang='lat' dir='ltr'>Vtraque</span> <span class='ocrx_word' id='word_1_51' title='bbox 358 500 464 538; x_wconf 85' lang='lat' dir='ltr'>enim</span> <span class='ocrx_word' id='word_1_52' title='bbox 506 512 568 540; x_wconf 86' lang='lat' dir='ltr'>res</span> <span class='ocrx_word' id='word_1_53' title='bbox 606 500 722 539; x_wconf 86' lang='lat' dir='ltr'>odore</span> <span class='ocrx_word' id='word_1_54' title='bbox 760 513 830 539; x_wconf 91' lang='lat' dir='ltr'>suo</span> <span class='ocrx_word' id='word_1_55' title='bbox 868 502 1090 540; x_wconf 88' lang='lat' dir='ltr'>summouet</span> <span class='ocrx_word' id='word_1_56' title='bbox 1124 502 1252 541; x_wconf 86' lang='lat' dir='ltr'>tineas</span> <span class='ocrx_word' id='word_1_57' title='bbox 1288 496 1366 554; x_wconf 79' lang='lat' dir='ltr'>(P&#39;</span> <span class='ocrx_word' id='word_1_58' title='bbox 1386 502 1450 541; x_wconf 83' lang='lat' dir='ltr'>Vc</span> <span class='ocrx_word' id='word_1_59' title='bbox 1462 503 1484 549; x_wconf 82' lang='grc' dir='ltr'><strong><em>ζ</em></strong></span> 
     </span>
     <span class='ocr_line' id='line_1_8' title="bbox 138 559 388 607; baseline 0 -10"><span class='ocrx_word' id='word_1_60' title='bbox 138 559 222 598; x_wconf 79' lang='lat' dir='ltr'>sim.</span> <span class='ocrx_word' id='word_1_61' title='bbox 246 559 388 607; x_wconf 76' lang='lat' dir='ltr'>Porph.</span> 
     </span>
    </p>
   </div>
   <div class='ocr_carea' id='block_1_4' title="bbox 256 625 1383 755">
    <p class='ocr_par' dir='ltr' id='par_1_7' title="bbox 256 625 1383 755">
     <span class='ocr_line' id='line_1_9' title="bbox 256 625 1365 684; baseline 0.003 -17"><span class='ocrx_word' id='word_1_62' title='bbox 256 629 384 668; x_wconf 82' lang='lat' dir='ltr'>*Leui</span> <span class='ocrx_word' id='word_1_63' title='bbox 413 642 442 668; x_wconf 90' lang='lat' dir='ltr'>s.</span> <span class='ocrx_word' id='word_1_64' title='bbox 468 625 519 682; x_wconf 88' lang='lat' dir='ltr'>c.]</span> <span class='ocrx_word' id='word_1_65' title='bbox 580 629 687 670; x_wconf 86' lang='lat' dir='ltr'>Idest</span> <span class='ocrx_word' id='word_1_66' title='bbox 717 632 888 670; x_wconf 78' lang='lat' dir='ltr'>armario</span> <span class='ocrx_word' id='word_1_67' title='bbox 918 630 1015 669; x_wconf 89' lang='lat' dir='ltr'>bene</span> <span class='ocrx_word' id='word_1_68' title='bbox 1047 632 1263 682; x_wconf 86' lang='lat' dir='ltr'>composito</span> <span class='ocrx_word' id='word_1_69' title='bbox 1294 626 1365 684; x_wconf 79' lang='lat' dir='ltr'>(P&#39;</span> 
     </span>
     <span class='ocr_line' id='line_1_10' title="bbox 258 695 1383 755; baseline 0.001 -16"><span class='ocrx_word' id='word_1_70' title='bbox 258 695 367 740; x_wconf 85' lang='grc'><strong>333.</strong></span> <span class='ocrx_word' id='word_1_71' title='bbox 417 697 654 740; x_wconf 73' lang='lat' dir='ltr'>*Delectant</span> <span class='ocrx_word' id='word_1_72' title='bbox 683 701 874 751; x_wconf 84' lang='lat' dir='ltr'>bucolica,</span> <span class='ocrx_word' id='word_1_73' title='bbox 902 704 1069 752; x_wconf 76' lang='lat' dir='ltr'><strong>prosunt</strong></span> <span class='ocrx_word' id='word_1_74' title='bbox 1099 703 1282 753; x_wconf 82' lang='lat' dir='ltr'>georgica</span> <span class='ocrx_word' id='word_1_75' title='bbox 1314 696 1383 755; x_wconf 72' lang='grc' dir='ltr'>(Γ</span> 
     </span>
    </p>
   </div>
   <div class='ocr_carea' id='block_1_5' title="bbox 70 766 1479 1061">
    <p class='ocr_par' dir='ltr' id='par_1_8' title="bbox 70 766 1479 1061">
     <span class='ocr_line' id='line_1_11' title="bbox 70 766 1479 826; baseline 0.001 -16"><span class='ocrx_word' id='word_1_76' title='bbox 70 779 114 810; x_wconf 89' lang='grc'>10</span> <span class='ocrx_word' id='word_1_77' title='bbox 258 766 366 811; x_wconf 85' lang='grc'><strong>335.</strong></span> <span class='ocrx_word' id='word_1_78' title='bbox 398 769 633 822; x_wconf 74' lang='lat' dir='ltr'>§Quicquid</span> <span class='ocrx_word' id='word_1_79' title='bbox 655 785 693 822; x_wconf 90' lang='lat' dir='ltr'>p.</span> <span class='ocrx_word' id='word_1_80' title='bbox 720 785 752 810; x_wconf 88' lang='lat' dir='ltr'>e.</span> <span class='ocrx_word' id='word_1_81' title='bbox 776 772 812 811; x_wconf 93' lang='lat' dir='ltr'>b.</span> <span class='ocrx_word' id='word_1_82' title='bbox 834 767 910 826; x_wconf 81' lang='lat' dir='ltr'>(o)]</span> <span class='ocrx_word' id='word_1_83' title='bbox 964 772 1073 811; x_wconf 87' lang='lat' dir='ltr'>Idest</span> <span class='ocrx_word' id='word_1_84' title='bbox 1102 774 1313 822; x_wconf 83' lang='lat' dir='ltr'>praecepta</span> <span class='ocrx_word' id='word_1_85' title='bbox 1339 773 1479 812; x_wconf 87' lang='lat' dir='ltr'>debent</span> 
     </span>
     <span class='ocr_line' id='line_1_12' title="bbox 138 830 1478 883; baseline 0.002 -15"><span class='ocrx_word' id='word_1_86' title='bbox 138 830 274 868; x_wconf 86' lang='lat' dir='ltr'>breuia</span> <span class='ocrx_word' id='word_1_87' title='bbox 304 842 402 879; x_wconf 87' lang='lat' dir='ltr'>esse,</span> <span class='ocrx_word' id='word_1_88' title='bbox 441 832 552 880; x_wconf 82' lang='lat' dir='ltr'>quia,</span> <span class='ocrx_word' id='word_1_89' title='bbox 590 832 624 870; x_wconf 91' lang='lat' dir='ltr'>si</span> <span class='ocrx_word' id='word_1_90' title='bbox 654 832 772 883; x_wconf 81' lang='lat' dir='ltr'>longa</span> <span class='ocrx_word' id='word_1_91' title='bbox 802 832 967 880; x_wconf 81' lang='lat' dir='ltr'>fuerint,</span> <span class='ocrx_word' id='word_1_92' title='bbox 1005 844 1120 870; x_wconf 86' lang='lat' dir='ltr'>aures</span> <span class='ocrx_word' id='word_1_93' title='bbox 1152 831 1478 871; x_wconf 61' lang='lat' dir='ltr'>deficiunt-audi-</span> 
     </span>
     <span class='ocr_line' id='line_1_13' title="bbox 136 889 1479 941; baseline 0.002 -14"><span class='ocrx_word' id='word_1_94' title='bbox 136 891 279 928; x_wconf 89' lang='lat' dir='ltr'>torum.</span> <span class='ocrx_word' id='word_1_95' title='bbox 340 889 566 939; x_wconf 85' lang='lat' dir='ltr'>Percipiant</span> <span class='ocrx_word' id='word_1_96' title='bbox 608 903 701 941; x_wconf 87' lang='lat' dir='ltr'>ergo</span> <span class='ocrx_word' id='word_1_97' title='bbox 746 891 886 939; x_wconf 85' lang='lat' dir='ltr'>animi,</span> <span class='ocrx_word' id='word_1_98' title='bbox 933 892 980 929; x_wconf 91' lang='lat' dir='ltr'>ut</span> <span class='ocrx_word' id='word_1_99' title='bbox 1021 890 1166 930; x_wconf 89' lang='lat' dir='ltr'>dociles</span> <span class='ocrx_word' id='word_1_100' title='bbox 1209 890 1325 939; x_wconf 83' lang='lat' dir='ltr'>fiant,</span> <span class='ocrx_word' id='word_1_101' title='bbox 1373 892 1479 941; x_wconf 78' lang='lat' dir='ltr'>quia,</span> 
     </span>
     <span class='ocr_line' id='line_1_14' title="bbox 138 948 1478 1000; baseline 0.002 -14"><span class='ocrx_word' id='word_1_102' title='bbox 138 948 244 997; x_wconf 93' lang='lat' dir='ltr'>quod</span> <span class='ocrx_word' id='word_1_103' title='bbox 272 949 447 998; x_wconf 79' lang='lat' dir='ltr'>percipio</span> <span class='ocrx_word' id='word_1_104' title='bbox 478 951 517 987; x_wconf 90' lang='lat' dir='ltr'>et</span> <span class='ocrx_word' id='word_1_105' title='bbox 546 949 753 1000; x_wconf 72' lang='lat' dir='ltr'>intellego,</span> <span class='ocrx_word' id='word_1_106' title='bbox 784 949 898 988; x_wconf 88' lang='lat' dir='ltr'>docet</span> <span class='ocrx_word' id='word_1_107' title='bbox 928 962 1000 988; x_wconf 88' lang='lat' dir='ltr'>me.</span> <span class='ocrx_word' id='word_1_108' title='bbox 1062 949 1183 988; x_wconf 83' lang='lat' dir='ltr'>Item:</span> <span class='ocrx_word' id='word_1_109' title='bbox 1221 951 1303 989; x_wconf 88' lang='lat' dir='ltr'>esto</span> <span class='ocrx_word' id='word_1_110' title='bbox 1335 950 1478 999; x_wconf 87' lang='lat' dir='ltr'>breuis,</span> 
     </span>
     <span class='ocr_line' id='line_1_15' title="bbox 136 1003 829 1061; baseline 0.003 -16"><span class='ocrx_word' id='word_1_111' title='bbox 136 1006 239 1047; x_wconf 89' lang='lat' dir='ltr'>idest</span> <span class='ocrx_word' id='word_1_112' title='bbox 268 1019 383 1046; x_wconf 84' lang='lat' dir='ltr'>serua</span> <span class='ocrx_word' id='word_1_113' title='bbox 413 1009 632 1047; x_wconf 82' lang='lat' dir='ltr'>necessaria</span> <span class='ocrx_word' id='word_1_114' title='bbox 664 1003 732 1061; x_wconf 79' lang='lat' dir='ltr'>(P&#39;</span> <span class='ocrx_word' id='word_1_115' title='bbox 748 1009 829 1056; x_wconf 64' lang='lat' dir='ltr'>ch·</span> 
     </span>
    </p>
   </div>
   <div class='ocr_carea' id='block_1_6' title="bbox 69 1072 1478 1191">
    <p class='ocr_par' dir='ltr' id='par_1_9' title="bbox 69 1072 1478 1191">
     <span class='ocr_line' id='line_1_16' title="bbox 69 1072 1478 1132; baseline 0.001 -15"><span class='ocrx_word' id='word_1_116' title='bbox 69 1085 112 1117; x_wconf 80' lang='lat'>15</span> <span class='ocrx_word' id='word_1_117' title='bbox 257 1072 366 1118; x_wconf 86' lang='grc'><strong>336.</strong></span> <span class='ocrx_word' id='word_1_118' title='bbox 398 1077 423 1128; x_wconf 66' lang='grc' dir='ltr'><strong>ξ</strong></span> <span class='ocrx_word' id='word_1_119' title='bbox 438 1078 690 1128; x_wconf 84' lang='lat' dir='ltr'>Teneantque</span> <span class='ocrx_word' id='word_1_120' title='bbox 716 1073 806 1132; x_wconf 84' lang='lat' dir='ltr'>(om.</span> <span class='ocrx_word' id='word_1_121' title='bbox 826 1073 868 1132; x_wconf 85' lang='grc' dir='ltr'>ν)</span> <span class='ocrx_word' id='word_1_122' title='bbox 894 1079 1026 1118; x_wconf 86' lang='lat' dir='ltr'>fideles</span> <span class='ocrx_word' id='word_1_123' title='bbox 1053 1073 1184 1132; x_wconf 79' lang='grc' dir='ltr'>(νοζ)]</span> <span class='ocrx_word' id='word_1_124' title='bbox 1228 1079 1284 1118; x_wconf 87' lang='lat' dir='ltr'>Vt</span> <span class='ocrx_word' id='word_1_125' title='bbox 1309 1081 1478 1128; x_wconf 85' lang='lat' dir='ltr'>seruent,</span> 
     </span>
     <span class='ocr_line' id='line_1_17' title="bbox 139 1133 1277 1191; baseline 0.002 -16"><span class='ocrx_word' id='word_1_126' title='bbox 139 1136 245 1186; x_wconf 89' lang='lat' dir='ltr'>quod</span> <span class='ocrx_word' id='word_1_127' title='bbox 276 1138 486 1187; x_wconf 83' lang='lat' dir='ltr'>accipiunt,</span> <span class='ocrx_word' id='word_1_128' title='bbox 516 1151 566 1177; x_wconf 89' lang='lat' dir='ltr'>ne</span> <span class='ocrx_word' id='word_1_129' title='bbox 597 1138 744 1187; x_wconf 87' lang='lat' dir='ltr'>effluat,</span> <span class='ocrx_word' id='word_1_130' title='bbox 776 1138 881 1188; x_wconf 90' lang='lat' dir='ltr'>quod</span> <span class='ocrx_word' id='word_1_131' title='bbox 912 1138 1081 1177; x_wconf 85' lang='lat' dir='ltr'>audiunt</span> <span class='ocrx_word' id='word_1_132' title='bbox 1112 1133 1182 1191; x_wconf 80' lang='lat' dir='ltr'>(F‘</span> <span class='ocrx_word' id='word_1_133' title='bbox 1197 1138 1277 1186; x_wconf 56' lang='lat' dir='ltr'>Vc?</span> 
     </span>
    </p>
   </div>
   <div class='ocr_carea' id='block_1_7' title="bbox 256 1202 1399 1262">
    <p class='ocr_par' dir='ltr' id='par_1_10' title="bbox 256 1202 1399 1262">
     <span class='ocr_line' id='line_1_18' title="bbox 256 1202 1399 1262; baseline 0.001 -16"><span class='ocrx_word' id='word_1_134' title='bbox 256 1202 316 1246; x_wconf 83' lang='lat'>33</span> <span class='ocrx_word' id='word_1_135' title='bbox 324 1203 366 1247; x_wconf 80' lang='grc'>7.</span> <span class='ocrx_word' id='word_1_136' title='bbox 414 1207 440 1257; x_wconf 62' lang='grc' dir='ltr'><strong>ξ</strong></span> <span class='ocrx_word' id='word_1_137' title='bbox 453 1208 575 1247; x_wconf 87' lang='grc' dir='ltr'>Ρ16110</span> <span class='ocrx_word' id='word_1_138' title='bbox 609 1203 751 1261; x_wconf 73' lang='grc' dir='ltr'>(Ῡεζ)]</span> <span class='ocrx_word' id='word_1_139' title='bbox 807 1209 914 1248; x_wconf 86' lang='lat' dir='ltr'>Idest</span> <span class='ocrx_word' id='word_1_140' title='bbox 944 1209 1172 1248; x_wconf 72' lang='lat' dir='ltr'>fastidiente</span> <span class='ocrx_word' id='word_1_141' title='bbox 1205 1204 1274 1262; x_wconf 77' lang='lat'>(1⁷¹</span> <span class='ocrx_word' id='word_1_142' title='bbox 1281 1210 1302 1247; x_wconf 88' lang='lat' dir='ltr'><strong><em>b</em></strong></span> <span class='ocrx_word' id='word_1_143' title='bbox 1320 1210 1399 1257; x_wconf 60' lang='grc' dir='ltr'>Ῐῖσζ</span> 
     </span>
    </p>
   </div>
   <div class='ocr_carea' id='block_1_8' title="bbox 67 1274 1478 1450">
    <p class='ocr_par' dir='ltr' id='par_1_11' title="bbox 67 1274 1478 1450">
     <span class='ocr_line' id='line_1_19' title="bbox 255 1274 1476 1332; baseline 0.002 -16"><span class='ocrx_word' id='word_1_144' title='bbox 255 1276 431 1327; x_wconf 74' lang='lat' dir='ltr'>§Manat</span> <span class='ocrx_word' id='word_1_145' title='bbox 463 1274 505 1331; x_wconf 87' lang='grc' dir='ltr'>(ν</span> <span class='ocrx_word' id='word_1_146' title='bbox 516 1274 624 1332; x_wconf 72' lang='grc' dir='ltr'>Ῡοζ)]</span> <span class='ocrx_word' id='word_1_147' title='bbox 680 1278 787 1318; x_wconf 89' lang='lat' dir='ltr'>Idest</span> <span class='ocrx_word' id='word_1_148' title='bbox 818 1279 960 1327; x_wconf 83' lang='lat' dir='ltr'>effluit3</span> <span class='ocrx_word' id='word_1_149' title='bbox 999 1281 1038 1318; x_wconf 93' lang='lat' dir='ltr'>et</span> <span class='ocrx_word' id='word_1_150' title='bbox 1069 1281 1129 1318; x_wconf 89' lang='lat' dir='ltr'>est</span> <span class='ocrx_word' id='word_1_151' title='bbox 1158 1292 1310 1319; x_wconf 85' lang='lat' dir='ltr'>sensus:</span> <span class='ocrx_word' id='word_1_152' title='bbox 1340 1282 1476 1330; x_wconf 84' lang='lat' dir='ltr'>pectus</span> 
     </span>
     <span class='ocr_line' id='line_1_20' title="bbox 137 1337 1478 1388; baseline 0.001 -13"><span class='ocrx_word' id='word_1_153' title='bbox 137 1338 258 1388; x_wconf 85' lang='lat' dir='ltr'>enim,</span> <span class='ocrx_word' id='word_1_154' title='bbox 302 1337 408 1386; x_wconf 91' lang='lat' dir='ltr'>quod</span> <span class='ocrx_word' id='word_1_155' title='bbox 448 1338 530 1376; x_wconf 85' lang='lat' dir='ltr'>iam</span> <span class='ocrx_word' id='word_1_156' title='bbox 571 1338 765 1376; x_wconf 83' lang='lat' dir='ltr'>uarietate</span> <span class='ocrx_word' id='word_1_157' title='bbox 802 1338 992 1377; x_wconf 86' lang='lat' dir='ltr'>satiatum</span> <span class='ocrx_word' id='word_1_158' title='bbox 1029 1340 1069 1376; x_wconf 92' lang='lat' dir='ltr'>et</span> <span class='ocrx_word' id='word_1_159' title='bbox 1104 1339 1264 1388; x_wconf 89' lang='lat' dir='ltr'>plenum</span> <span class='ocrx_word' id='word_1_160' title='bbox 1301 1341 1377 1387; x_wconf 84' lang='lat' dir='ltr'>est,</span> <span class='ocrx_word' id='word_1_161' title='bbox 1420 1352 1478 1387; x_wconf 87' lang='lat' dir='ltr'>ea,</span> 
     </span>
     <span class='ocr_line' id='line_1_21' title="bbox 67 1391 1199 1450; baseline 0 -15"><span class='ocrx_word' id='word_1_162' title='bbox 67 1402 113 1436; x_wconf 82' lang='lat'>20</span> <span class='ocrx_word' id='word_1_163' title='bbox 141 1408 240 1446; x_wconf 87' lang='lat' dir='ltr'>quae</span> <span class='ocrx_word' id='word_1_164' title='bbox 271 1408 514 1446; x_wconf 82' lang='lat' dir='ltr'>superuacua</span> <span class='ocrx_word' id='word_1_165' title='bbox 545 1396 726 1446; x_wconf 84' lang='lat' dir='ltr'>audierit,</span> <span class='ocrx_word' id='word_1_166' title='bbox 757 1409 836 1435; x_wconf 89' lang='lat' dir='ltr'>non</span> <span class='ocrx_word' id='word_1_167' title='bbox 866 1397 1013 1435; x_wconf 84' lang='lat' dir='ltr'>retinet</span> <span class='ocrx_word' id='word_1_168' title='bbox 1041 1391 1110 1450; x_wconf 78' lang='grc' dir='ltr'>(Γ</span> <span class='ocrx_word' id='word_1_169' title='bbox 1120 1397 1199 1443; x_wconf 58' lang='lat' dir='ltr'>ch⁶</span> 
     </span>
    </p>
   </div>
   <div class='ocr_carea' id='block_1_9' title="bbox 138 1461 1475 1576">
    <p class='ocr_par' dir='ltr' id='par_1_12' title="bbox 138 1461 1475 1576">
     <span class='ocr_line' id='line_1_22' title="bbox 256 1461 1475 1520; baseline -0.001 -14"><span class='ocrx_word' id='word_1_170' title='bbox 256 1461 366 1506; x_wconf 84' lang='grc'><strong>339.</strong></span> <span class='ocrx_word' id='word_1_171' title='bbox 415 1465 514 1517; x_wconf 72' lang='lat' dir='ltr'>§Ne</span> <span class='ocrx_word' id='word_1_172' title='bbox 546 1466 803 1517; x_wconf 88' lang='lat' dir='ltr'>quodcunque</span> <span class='ocrx_word' id='word_1_173' title='bbox 832 1481 870 1505; x_wconf 92' lang='lat' dir='ltr'>u.</span> <span class='ocrx_word' id='word_1_174' title='bbox 895 1480 933 1516; x_wconf 89' lang='lat' dir='ltr'>p.</span> <span class='ocrx_word' id='word_1_175' title='bbox 959 1479 987 1506; x_wconf 91' lang='lat' dir='ltr'>s.</span> <span class='ocrx_word' id='word_1_176' title='bbox 1014 1467 1040 1505; x_wconf 85' lang='lat' dir='ltr'>f.</span> <span class='ocrx_word' id='word_1_177' title='bbox 1066 1479 1096 1506; x_wconf 87' lang='lat' dir='ltr'>c.</span> <span class='ocrx_word' id='word_1_178' title='bbox 1125 1462 1201 1520; x_wconf 82' lang='grc' dir='ltr'>(ζ]</span> <span class='ocrx_word' id='word_1_179' title='bbox 1262 1466 1384 1506; x_wconf 89' lang='lat' dir='ltr'>Ordo:</span> <span class='ocrx_word' id='word_1_180' title='bbox 1427 1481 1475 1506; x_wconf 87' lang='lat' dir='ltr'>ne</span> 
     </span>
     <span class='ocr_line' id='line_1_23' title="bbox 138 1522 1310 1576; baseline 0 -12"><span class='ocrx_word' id='word_1_181' title='bbox 138 1525 409 1576; x_wconf 90' lang='lat' dir='ltr'>quodcumque</span> <span class='ocrx_word' id='word_1_182' title='bbox 439 1526 539 1564; x_wconf 87' lang='lat' dir='ltr'>uelit</span> <span class='ocrx_word' id='word_1_183' title='bbox 569 1526 645 1565; x_wconf 90' lang='lat' dir='ltr'>sibi</span> <span class='ocrx_word' id='word_1_184' title='bbox 675 1526 780 1565; x_wconf 84' lang='lat' dir='ltr'>credi</span> <span class='ocrx_word' id='word_1_185' title='bbox 813 1525 950 1565; x_wconf 83' lang='lat' dir='ltr'>fabula</span> <span class='ocrx_word' id='word_1_186' title='bbox 978 1527 1115 1575; x_wconf 82' lang='lat' dir='ltr'>poscat</span> <span class='ocrx_word' id='word_1_187' title='bbox 1166 1522 1310 1573; x_wconf 64' lang='lat' dir='ltr'>P&#39;ch</span> 
     </span>
    </p>
   </div>
   <div class='ocr_carea' id='block_1_10' title="bbox 67 1591 1476 1768">
    <p class='ocr_par' dir='ltr' id='par_1_13' title="bbox 67 1591 1476 1768">
     <span class='ocr_line' id='line_1_24' title="bbox 255 1591 1476 1650; baseline 0.002 -16"><span class='ocrx_word' id='word_1_188' title='bbox 255 1595 445 1646; x_wconf 73' lang='lat' dir='ltr'>§Fabula</span> <span class='ocrx_word' id='word_1_189' title='bbox 476 1591 578 1650; x_wconf 89' lang='lat' dir='ltr'>(V)]</span> <span class='ocrx_word' id='word_1_190' title='bbox 640 1596 748 1636; x_wconf 86' lang='lat' dir='ltr'>Idest</span> <span class='ocrx_word' id='word_1_191' title='bbox 796 1596 1014 1645; x_wconf 78' lang='lat' dir='ltr'>comoedia,</span> <span class='ocrx_word' id='word_1_192' title='bbox 1064 1598 1135 1635; x_wconf 87' lang='lat' dir='ltr'>aut</span> <span class='ocrx_word' id='word_1_193' title='bbox 1184 1593 1360 1636; x_wconf 82' lang='lat' dir='ltr'>‘fabula&#39;</span> <span class='ocrx_word' id='word_1_194' title='bbox 1404 1610 1476 1647; x_wconf 91' lang='lat' dir='ltr'>pro</span> 
     </span>
     <span class='ocr_line' id='line_1_25' title="bbox 139 1652 1476 1707; baseline 0.001 -13"><span class='ocrx_word' id='word_1_195' title='bbox 139 1652 362 1705; x_wconf 75' lang='lat' dir='ltr'>‘poemata’</span> <span class='ocrx_word' id='word_1_196' title='bbox 407 1657 552 1705; x_wconf 84' lang='lat' dir='ltr'>posuit.</span> <span class='ocrx_word' id='word_1_197' title='bbox 622 1654 729 1701; x_wconf 82' lang='lat' dir='ltr'>Quae</span> <span class='ocrx_word' id='word_1_198' title='bbox 772 1656 975 1707; x_wconf 86' lang='lat' dir='ltr'>finguntur</span> <span class='ocrx_word' id='word_1_199' title='bbox 1016 1657 1177 1706; x_wconf 88' lang='lat' dir='ltr'>propter</span> <span class='ocrx_word' id='word_1_200' title='bbox 1218 1656 1476 1706; x_wconf 82' lang='lat' dir='ltr'>uoluptatem,</span> 
     </span>
     <span class='ocr_line' id='line_1_26' title="bbox 67 1709 675 1768; baseline -0.003 -14"><span class='ocrx_word' id='word_1_201' title='bbox 67 1722 111 1754; x_wconf 81' lang='lat'>25</span> <span class='ocrx_word' id='word_1_202' title='bbox 137 1715 217 1753; x_wconf 88' lang='lat' dir='ltr'>sint</span> <span class='ocrx_word' id='word_1_203' title='bbox 246 1715 479 1754; x_wconf 84' lang='lat' dir='ltr'>uerisimilia</span> <span class='ocrx_word' id='word_1_204' title='bbox 511 1709 579 1768; x_wconf 80' lang='lat' dir='ltr'>(P&#39;</span> <span class='ocrx_word' id='word_1_205' title='bbox 595 1715 675 1761; x_wconf 63' lang='lat' dir='ltr'><em>ch</em></span> 
     </span>
    </p>
   </div>
   <div class='ocr_carea' id='block_1_11' title="bbox 137 1779 1476 1894">
    <p class='ocr_par' dir='ltr' id='par_1_14' title="bbox 137 1779 1476 1894">
     <span class='ocr_line' id='line_1_27' title="bbox 256 1779 1476 1838; baseline -0.001 -15"><span class='ocrx_word' id='word_1_206' title='bbox 256 1779 365 1824; x_wconf 81' lang='lat'>340.</span> <span class='ocrx_word' id='word_1_207' title='bbox 422 1783 547 1834; x_wconf 71' lang='lat' dir='ltr'>§Neu</span> <span class='ocrx_word' id='word_1_208' title='bbox 585 1781 807 1836; x_wconf 85' lang='lat' dir='ltr'>prans&lt;a&gt;e</span> <span class='ocrx_word' id='word_1_209' title='bbox 844 1784 953 1824; x_wconf 82' lang='lat' dir='ltr'>Lam.</span> <span class='ocrx_word' id='word_1_210' title='bbox 980 1779 1061 1838; x_wconf 84' lang='grc' dir='ltr'>(ν)]</span> <span class='ocrx_word' id='word_1_211' title='bbox 1123 1784 1230 1824; x_wconf 89' lang='lat' dir='ltr'>Idest</span> <span class='ocrx_word' id='word_1_212' title='bbox 1265 1798 1314 1823; x_wconf 84' lang='lat' dir='ltr'>ne</span> <span class='ocrx_word' id='word_1_213' title='bbox 1350 1783 1476 1835; x_wconf 83' lang='lat' dir='ltr'>fingat</span> 
     </span>
     <span class='ocr_line' id='line_1_28' title="bbox 137 1843 1474 1894; baseline 0 -12"><span class='ocrx_word' id='word_1_214' title='bbox 137 1844 217 1882; x_wconf 87' lang='lat' dir='ltr'>tale</span> <span class='ocrx_word' id='word_1_215' title='bbox 256 1845 529 1894; x_wconf 75' lang='lat' dir='ltr'>argumentum</span> <span class='ocrx_word' id='word_1_216' title='bbox 560 1844 713 1892; x_wconf 84' lang='lat' dir='ltr'>fabula,</span> <span class='ocrx_word' id='word_1_217' title='bbox 753 1843 859 1894; x_wconf 90' lang='lat' dir='ltr'>quod</span> <span class='ocrx_word' id='word_1_218' title='bbox 889 1844 1098 1882; x_wconf 86' lang='lat' dir='ltr'>deuorauit</span> <span class='ocrx_word' id='word_1_219' title='bbox 1128 1843 1267 1882; x_wconf 84' lang='lat' dir='ltr'>Lamia</span> <span class='ocrx_word' id='word_1_220' title='bbox 1298 1856 1474 1893; x_wconf 86' lang='lat' dir='ltr'>puerum,</span> 
     </span>
    </p>
   </div>
   <div class='ocr_carea' id='block_1_12' title="bbox 137 1897 1477 2010">
    <p class='ocr_par' dir='ltr' id='par_1_15' title="bbox 137 1897 1477 2010">
     <span class='ocr_line' id='line_1_29' title="bbox 138 1897 1477 1955; baseline -0.001 -14"><span class='ocrx_word' id='word_1_221' title='bbox 138 1904 206 1951; x_wconf 90' lang='lat' dir='ltr'>qui</span> <span class='ocrx_word' id='word_1_222' title='bbox 233 1904 391 1952; x_wconf 87' lang='lat' dir='ltr'>-postea</span> <span class='ocrx_word' id='word_1_223' title='bbox 433 1902 480 1941; x_wconf 87' lang='lat' dir='ltr'>de</span> <span class='ocrx_word' id='word_1_224' title='bbox 523 1903 635 1941; x_wconf 88' lang='lat' dir='ltr'>utero</span> <span class='ocrx_word' id='word_1_225' title='bbox 678 1904 759 1941; x_wconf 89' lang='lat' dir='ltr'>eius</span> <span class='ocrx_word' id='word_1_226' title='bbox 804 1903 918 1941; x_wconf 89' lang='lat' dir='ltr'>uiuus</span> <span class='ocrx_word' id='word_1_227' title='bbox 960 1903 1139 1953; x_wconf 87' lang='lat' dir='ltr'>prolatus</span> <span class='ocrx_word' id='word_1_228' title='bbox 1183 1904 1242 1942; x_wconf 87' lang='lat' dir='ltr'>est</span> <span class='ocrx_word' id='word_1_229' title='bbox 1286 1897 1342 1955; x_wconf 89' lang='grc' dir='ltr'>(Γ</span> <span class='ocrx_word' id='word_1_230' title='bbox 1349 1898 1361 1913; x_wconf 87' lang='grc'><em>’</em></span> <span class='ocrx_word' id='word_1_231' title='bbox 1383 1902 1477 1948; x_wconf 62' lang='lat' dir='ltr'><em>ch</em></span> 
     </span>
     <span class='ocr_line' id='line_1_30' title="bbox 137 1962 347 2010; baseline 0 -11"><span class='ocrx_word' id='word_1_232' title='bbox 137 1962 184 2008; x_wconf 83' lang='lat' dir='ltr'>cf&#39;.</span> <span class='ocrx_word' id='word_1_233' title='bbox 209 1962 347 2010; x_wconf 77' lang='lat' dir='ltr'>Porph.</span> 
     </span>
    </p>
   </div>
   <div class='ocr_carea' id='block_1_13' title="bbox 136 2084 1473 2225">
    <p class='ocr_par' dir='ltr' id='par_1_16' title="bbox 136 2084 1473 2225">
     <span class='ocr_line' id='line_1_31' title="bbox 254 2084 1425 2131; baseline -0.001 -12"><span class='ocrx_word' id='word_1_234' title='bbox 254 2088 274 2119; x_wconf 87' lang='lat'><strong>3</strong></span> <span class='ocrx_word' id='word_1_235' title='bbox 305 2084 457 2120; x_wconf 87' lang='lat' dir='ltr'>linenda</span> <span class='ocrx_word' id='word_1_236' title='bbox 482 2086 607 2120; x_wconf 85' lang='lat' dir='ltr'>autem</span> <span class='ocrx_word' id='word_1_237' title='bbox 627 2106 670 2110; x_wconf 97' lang='lat'><strong>—</strong></span> <span class='ocrx_word' id='word_1_238' title='bbox 691 2085 828 2131; x_wconf 68' lang='lat' dir='ltr'>cedro]</span> <span class='ocrx_word' id='word_1_239' title='bbox 853 2095 920 2121; x_wconf 90' lang='lat' dir='ltr'>om.</span> <span class='ocrx_word' id='word_1_240' title='bbox 941 2087 985 2126; x_wconf 79' lang='grc' dir='ltr'>οζ</span> <span class='ocrx_word' id='word_1_241' title='bbox 1126 2088 1146 2119; x_wconf 90' lang='grc'>8</span> <span class='ocrx_word' id='word_1_242' title='bbox 1178 2084 1290 2130; x_wconf 82' lang='lat' dir='ltr'>idest]</span> <span class='ocrx_word' id='word_1_243' title='bbox 1316 2094 1382 2119; x_wconf 86' lang='lat' dir='ltr'>om.</span> <span class='ocrx_word' id='word_1_244' title='bbox 1404 2097 1425 2118; x_wconf 84' lang='grc' dir='ltr'><strong><em>ν</em></strong></span> 
     </span>
     <span class='ocr_line' id='line_1_32' title="bbox 139 2130 1473 2178; baseline 0.001 -14"><span class='ocrx_word' id='word_1_245' title='bbox 139 2134 180 2165; x_wconf 88' lang='grc'>16</span> <span class='ocrx_word' id='word_1_246' title='bbox 213 2131 341 2167; x_wconf 83' lang='lat' dir='ltr'>effluat</span> <span class='ocrx_word' id='word_1_247' title='bbox 368 2132 417 2178; x_wconf 89' lang='grc' dir='ltr'>Γ]</span> <span class='ocrx_word' id='word_1_248' title='bbox 450 2131 604 2167; x_wconf 84' lang='lat' dir='ltr'>effluant</span> <span class='ocrx_word' id='word_1_249' title='bbox 628 2133 708 2167; x_wconf 84' lang='lat' dir='ltr'>va</span> <span class='ocrx_word' id='word_1_250' title='bbox 738 2131 902 2167; x_wconf 85' lang='lat' dir='ltr'>defluant</span> <span class='ocrx_word' id='word_1_251' title='bbox 926 2134 946 2173; x_wconf 81' lang='grc' dir='ltr'><em>ζ</em></span> <span class='ocrx_word' id='word_1_252' title='bbox 1086 2131 1185 2175; x_wconf 90' lang='lat' dir='ltr'>quod</span> <span class='ocrx_word' id='word_1_253' title='bbox 1216 2131 1306 2177; x_wconf 78' lang='lat' dir='ltr'>FV]</span> <span class='ocrx_word' id='word_1_254' title='bbox 1337 2130 1426 2174; x_wconf 89' lang='lat' dir='ltr'>quia</span> <span class='ocrx_word' id='word_1_255' title='bbox 1451 2144 1473 2166; x_wconf 84' lang='grc' dir='ltr'><strong><em>ν</em></strong></span> 
     </span>
     <span class='ocr_line' id='line_1_33' title="bbox 136 2177 1473 2225; baseline 0.001 -13"><span class='ocrx_word' id='word_1_256' title='bbox 136 2188 208 2222; x_wconf 90' lang='grc'>(1116</span> <span class='ocrx_word' id='word_1_257' title='bbox 232 2180 276 2220; x_wconf 63' lang='lat' dir='ltr'>cg</span> <span class='ocrx_word' id='word_1_258' title='bbox 371 2182 413 2213; x_wconf 84' lang='lat'>19</span> <span class='ocrx_word' id='word_1_259' title='bbox 438 2178 621 2214; x_wconf 86' lang='lat' dir='ltr'>uarietate</span> <span class='ocrx_word' id='word_1_260' title='bbox 645 2179 744 2225; x_wconf 73' lang='lat' dir='ltr'>edit]</span> <span class='ocrx_word' id='word_1_261' title='bbox 770 2179 929 2214; x_wconf 80' lang='lat' dir='ltr'>ueritate</span> <span class='ocrx_word' id='word_1_262' title='bbox 949 2177 995 2212; x_wconf 78' lang='lat' dir='ltr'>F‘</span> <span class='ocrx_word' id='word_1_263' title='bbox 1013 2179 1087 2219; x_wconf 62' lang='lat' dir='ltr'><em>ch</em></span> <span class='ocrx_word' id='word_1_264' title='bbox 1178 2178 1329 2222; x_wconf 83' lang='lat' dir='ltr'>plenum</span> <span class='ocrx_word' id='word_1_265' title='bbox 1354 2180 1410 2212; x_wconf 83' lang='lat' dir='ltr'>est</span> <span class='ocrx_word' id='word_1_266' title='bbox 1435 2180 1473 2213; x_wconf 85' lang='grc'>61</span> 
     </span>
    </p>
   </div>
   <div class='ocr_carea' id='block_1_14' title="bbox 135 2224 1475 2365">
    <p class='ocr_par' dir='ltr' id='par_1_17' title="bbox 135 2224 1475 2365">
     <span class='ocr_line' id='line_1_34' title="bbox 136 2224 1475 2272; baseline 0 -13"><span class='ocrx_word' id='word_1_267' title='bbox 136 2225 312 2259; x_wconf 84' lang='lat' dir='ltr'>satiatum</span> <span class='ocrx_word' id='word_1_268' title='bbox 338 2239 359 2270; x_wconf 80' lang='grc' dir='ltr'><em>γ</em></span> <span class='ocrx_word' id='word_1_269' title='bbox 461 2225 520 2272; x_wconf 83' lang='grc'>68]</span> <span class='ocrx_word' id='word_1_270' title='bbox 547 2236 612 2261; x_wconf 86' lang='lat' dir='ltr'>om.</span> <span class='ocrx_word' id='word_1_271' title='bbox 633 2239 653 2270; x_wconf 80' lang='lat' dir='ltr'><em>y</em></span> <span class='ocrx_word' id='word_1_272' title='bbox 767 2229 811 2261; x_wconf 84' lang='lat'>23</span> <span class='ocrx_word' id='word_1_273' title='bbox 836 2224 1001 2260; x_wconf 81' lang='lat' dir='ltr'>fabulam</span> <span class='ocrx_word' id='word_1_274' title='bbox 1028 2238 1050 2260; x_wconf 82' lang='grc' dir='ltr'><strong><em>ν</em></strong></span> <span class='ocrx_word' id='word_1_275' title='bbox 1163 2228 1207 2259; x_wconf 80' lang='lat'>24</span> <span class='ocrx_word' id='word_1_276' title='bbox 1232 2226 1405 2269; x_wconf 80' lang='lat' dir='ltr'>poemata</span> <span class='ocrx_word' id='word_1_277' title='bbox 1429 2228 1475 2267; x_wconf 75' lang='grc' dir='ltr'>οζ</span> 
     </span>
     <span class='ocr_line' id='line_1_35' title="bbox 135 2271 1472 2319; baseline 0.001 -13"><span class='ocrx_word' id='word_1_278' title='bbox 135 2272 234 2318; x_wconf 66' lang='lat' dir='ltr'>edit]</span> <span class='ocrx_word' id='word_1_279' title='bbox 259 2273 371 2316; x_wconf 85' lang='lat' dir='ltr'>poeta</span> <span class='ocrx_word' id='word_1_280' title='bbox 395 2277 471 2308; x_wconf 85' lang='lat' dir='ltr'>cett.</span> <span class='ocrx_word' id='word_1_281' title='bbox 567 2273 707 2319; x_wconf 80' lang='lat' dir='ltr'>posuit]</span> <span class='ocrx_word' id='word_1_282' title='bbox 733 2283 799 2308; x_wconf 89' lang='lat' dir='ltr'>om.</span> <span class='ocrx_word' id='word_1_283' title='bbox 819 2274 864 2314; x_wconf 75' lang='grc' dir='ltr'>οξ</span> <span class='ocrx_word' id='word_1_284' title='bbox 880 2272 962 2308; x_wconf 76' lang='lat' dir='ltr'>edit.</span> <span class='ocrx_word' id='word_1_285' title='bbox 1060 2274 1103 2306; x_wconf 79' lang='lat'>27</span> <span class='ocrx_word' id='word_1_286' title='bbox 1130 2271 1339 2318; x_wconf 84' lang='lat' dir='ltr'>deuorauit]</span> <span class='ocrx_word' id='word_1_287' title='bbox 1360 2272 1472 2307; x_wconf 87' lang='lat' dir='ltr'>deuo-</span> 
     </span>
     <span class='ocr_line' id='line_1_36' title="bbox 135 2318 825 2365; baseline 0.001 -12"><span class='ocrx_word' id='word_1_288' title='bbox 135 2318 275 2354; x_wconf 87' lang='lat' dir='ltr'>rauerit</span> <span class='ocrx_word' id='word_1_289' title='bbox 298 2321 343 2360; x_wconf 76' lang='grc' dir='ltr'>οζ</span> <span class='ocrx_word' id='word_1_290' title='bbox 359 2319 440 2354; x_wconf 76' lang='lat' dir='ltr'>edit.</span> <span class='ocrx_word' id='word_1_291' title='bbox 538 2323 582 2354; x_wconf 82' lang='lat'>28</span> <span class='ocrx_word' id='word_1_292' title='bbox 609 2320 680 2365; x_wconf 87' lang='lat' dir='ltr'>est]</span> <span class='ocrx_word' id='word_1_293' title='bbox 707 2319 756 2354; x_wconf 85' lang='lat' dir='ltr'>sit</span> <span class='ocrx_word' id='word_1_294' title='bbox 780 2322 825 2361; x_wconf 80' lang='grc' dir='ltr'>οζ</span> 
     </span>
    </p>
   </div>
  </div>
 </body>
</html>
