1638 2528
653 88 842 127 suumn
855 91 882 125 ιτ
1251 135 1254 141 ,
1358 84 1443 132 191

217 199 295 245 54.
351 203 450 255 §Ex
489 204 618 243 iudice
649 198 726 258 (c)]
787 195 855 242 Ex¹
884 193 1009 242 electo
1044 204 1150 252 uiro,
1195 203 1289 253 quia
1325 201 1448 253 elige-

97 264 244 304 bantur
290 264 449 303 iudices.
528 263 658 302 Dama
705 264 840 302 autem
887 262 1030 302 seruile
1077 274 1220 301 nomen
1268 262 1345 310 est,
1399 262 1447 299 ut

100 319 224 377 (Pers,
252 324 290 373 5,
317 318 409 377 76):

309 405 388 445 Hic
417 402 548 444 Dama
577 406 639 445 est
665 417 746 444 non
776 391 912 444 tressis
942 416 1063 456 agaso
1095 399 1178 457 (I'f
1185 404 1239 444 Vc

218 497 296 542 56.
351 501 581 540 *Induceris
619 495 695 555 (c)]
758 500 919 540 Scilicet
958 501 1002 539 in
1045 500 1206 540 domum
1242 499 1446 538 adulterae
1495 505 1519 538 5

119 562 158 599 Γ
195 561 238 600 Ε
249 573 269 601 c

102 556 119 614 (
165 562 190 609 f
219 627 297 672 57.
346 631 605 671 *Altereante
638 627 715 685 (c)]
770 631 1032 682 Repugnante
1063 625 1240 684 (I'szc

216 702 324 742 Idest
358 704 402 741 in
438 705 478 742 te
509 703 627 741 simul
657 704 778 741 timor
808 704 848 741 et
877 701 1001 741 libido
1031 703 1245 752 repugnat,
1280 700 1376 739 dum
1407 702 1448 740 et

101 763 211 813 cupis
243 764 283 801 et
311 762 428 802 times
458 761 700 801 adulterium
731 762 976 801 committere
1008 755 1155 814 (1⁷sz

221 828 298 873 58.
338 832 363 883 ἓ
377 832 480 878 Quid
509 846 540 872 r.
568 827 643 887 (c)]
699 832 807 872 Idest
836 833 936 871 nihil
966 832 1132 871 interest
1161 833 1266 870 inter
1296 830 1446 883 gladia·
1474 838 1520 870 10

98 895 226 933 torem
262 894 303 932 et
339 893 581 941 adulterum;
623 905 716 931 nam
753 892 994 944 gladiatores
1030 892 1091 930 ita
1126 904 1167 930 se
1197 890 1376 929 uendunt
1407 891 1448 929 et

99 953 300 991 cautiones
331 952 501 991 faciunt:
540 952 603 990 uri
633 951 820 1001 flammis,
850 952 974 1003 uirgis
1005 951 1148 1000 secari,
1179 950 1284 989 ferro
1313 950 1448 988 necari

101 1006 189 1065 (Fr
203 1011 365 1109 1licliizer:
399 1071 504 1108 inter
534 1069 796 1121 gladiatorem
827 1070 1109 1119 moechumque
1140 1069 1241 1107 nihil
1271 1070 1446 1108 interest.

218 1129 271 1168 Et
305 1129 402 1168 haec
438 1129 560 1167 uerba
596 1131 688 1168 sunt
724 1141 877 1178 eorum,
914 1130 984 1179 qui
1020 1128 1261 1180 gladiatores
1299 1130 1447 1177 emunt,
1473 1135 1520 1168 15

101 1188 367 1228 conditionem
396 1189 713 1239 proponentium,
744 1188 886 1239 quibus
917 1200 958 1227 se
989 1187 1177 1227 uendunt.
1235 1187 1446 1236 Cautiones

101 1247 230 1286 dando
273 1247 499 1287 huiusmodi
541 1246 757 1287 faciebant:
806 1249 869 1286 uri
910 1246 1098 1296 flammis,
1143 1248 1267 1298 uirgis
1310 1248 1446 1296 secari,

98 1306 202 1346 ferro
233 1306 365 1346 necari
396 1301 478 1360 (ΓῙι
486 1306 524 1346 V

219 1373 295 1418 59.
327 1377 595 1417 *Auctoratus
628 1372 703 1432 (c)]
759 1377 964 1427 Addictus,
995 1377 1314 1428 condempnatus.
1370 1376 1448 1423 Qui

100 1450 140 1476 se
189 1437 365 1476 uendunt
412 1437 524 1486 ludo,
574 1438 770 1477 auctorati
818 1438 1028 1487 uocantur3
1078 1438 1298 1476 auctoratio
1342 1438 1447 1476 enim
1472 1445 1520 1477 20

99 1496 246 1542 dicitur
275 1496 452 1535 uenditio
483 1497 749 1548 gladiatorum
781 1490 884 1549 (ch

217 1555 281 1593 An
312 1557 340 1594 t.
367 1568 397 1594 c.
425 1550 500 1608 (c)]
556 1555 666 1594 Idest
704 1568 754 1594 an
785 1556 826 1593 in
859 1555 1054 1594 adulterio
1086 1556 1373 1606 conprehensus
1404 1556 1447 1593 in

101 1626 192 1653 arca
235 1615 481 1653 concludaris
526 1615 575 1653 ab
619 1615 781 1663 ancilla,
826 1627 925 1664 quae
969 1614 1125 1654 conscia
1165 1616 1224 1653 est
1261 1613 1448 1654 adulterii

100 1672 282 1712 dominae
313 1686 416 1722 suae,
449 1686 496 1712 ne
527 1676 567 1712 te
597 1675 764 1712 maritus
795 1671 1003 1712 inueniat?
1033 1667 1183 1726 (szV

220 1739 297 1782 60.
352 1743 539 1783 *Peccati
570 1757 600 1782 c.
628 1738 704 1798 (c)]
765 1743 842 1782 Pro
874 1756 937 1792 ea,
975 1756 1064 1782 cum
1097 1757 1175 1794 qua
1207 1743 1446 1782 adulterium
1471 1753 1519 1785 25

101 1803 345 1852 commisisti,
376 1805 447 1841 aut
477 1803 622 1841 ancilla
653 1804 736 1842 eius
769 1798 870 1855 (Psc

103 1868 297 1985 (ΓΕὸῙ.
358 1872 647 1913 *Contractum
702 1868 777 1927 (c)]
851 1872 1018 1924 Propter
1072 1875 1277 1925 angustias
1333 1886 1447 1913 arcae

218 1943 272 1971 zo

219 1991 446 2031 *Describit
475 1993 518 2030 in
550 1994 718 2043 angusta
749 2004 840 2030 arca
870 1992 1065 2031 inclusum
1097 1986 1226 2045 (I'fzc

222 2108 239 2139 1
261 2103 404 2139 iudices
418 2103 653 2150 eligebantur
662 2105 710 2141 Vc
784 2108 803 2138 2
819 2104 929 2139 dama
941 2104 980 2150 f]
994 2103 1115 2139 clama
1129 2116 1147 2140 c
1160 2104 1309 2139 damma
1323 2106 1358 2139 Γ
1369 2105 1403 2140 V

102 2154 124 2184 4
155 2150 267 2186 dama
295 2151 351 2197 fc]
385 2151 535 2186 damma
566 2154 601 2186 Γ
609 2152 643 2186 V
785 2156 828 2186 15
859 2151 975 2186 uerba
1006 2152 1107 2198 sunt]
1139 2150 1213 2187 fuit
1242 2152 1319 2198 (leq.
1347 2153 1446 2196 sunt)

102 2198 217 2244 uerba
238 2199 273 2234 V
401 2202 444 2233 16
471 2199 726 2234 condicionem
748 2199 832 2241 FV,
856 2198 927 2242 def.
947 2199 971 2242 f'
1098 2202 1140 2233 17
1168 2198 1291 2234 dando
1309 2210 1330 2234 r
1354 2198 1405 2233 dd
1423 2213 1446 2244 y

103 2243 285 2279 dederunt
310 2245 523 2290 Vnamque
548 2247 572 2290 f
685 2250 728 2281 22
755 2256 885 2291 conpr:
911 2246 976 2327 ferg¹
996 2256 1138 2291 compr:
1166 2246 1245 2282 PV
1341 2247 1380 2281 in
1406 2257 1445 2281 a:

103 2291 241 2338 conclz]
265 2292 449 2327 claudaris
469 2293 508 2327 in
527 2293 639 2328 archa
658 2305 676 2329 c
773 2297 816 2328 26
837 2293 932 2339 cius]
980 2293 1031 2328 eri
1051 2304 1070 2328 c
1165 2297 1208 2329 29
1230 2293 1409 2329 describis
1427 2305 1449 2329 c

104 2337 302 2383 descripsit
327 2342 361 2374 Γ
376 2350 395 2374 z
414 2351 478 2375 om.
498 2341 523 2383 f
