1638 2528
628 59 776 96 EPIST.
795 59 813 95 1
832 62 886 96 11.
908 63 952 98 ιε
1380 59 1467 102 247

170 198 173 202 1
238 167 315 213 24.
355 172 428 211 Cui
457 172 559 211 nihil
590 172 642 212 ad
671 174 812 211 uotmn
842 172 969 222 deest,
1005 185 1085 212 non
1114 172 1296 222 interest,
1332 174 1470 212 utrum

116 234 160 272 in
202 233 350 271 maiore
394 245 446 272 an
486 233 530 270 in
565 234 717 271 minore
755 232 918 271 ciuitate
956 233 1088 282 uiuat,
1131 245 1223 272 cum
1258 232 1470 282 utrobique

119 291 215 330 bene
246 293 374 342 possit
403 293 541 330 uiuere
571 288 751 345 (P‘abV

238 346 314 391 27.
345 351 474 390 Locus
504 351 626 390 maris
652 350 811 399 arbiter,
842 352 912 400 qui
938 363 1048 389 mare
1073 351 1154 391 late
1179 351 1365 390 diffusum
1389 364 1469 390 non

118 411 276 459 timeat,
319 411 422 449 idest
465 410 645 449 dominus
682 411 804 449 maris
842 412 882 448 et
917 411 960 448 in
996 412 1084 449 tuto
1121 412 1293 460 positus3
1339 411 1469 460 qualis
1520 419 1542 450 5

118 469 225 509 locus
257 471 318 508 est
354 469 459 520 apud
497 482 681 509 amoenas
712 469 896 508 ciuitates
927 470 1101 509 excelsus
1132 482 1254 520 supra
1289 483 1399 509 mare
1430 471 1471 509 et

117 529 207 568 ideo
238 529 386 568 arbiter
417 524 487 582 (P'
495 529 550 577 bf
558 529 595 568 V

240 583 315 628 30.
371 584 607 640 <Vlubris>]
670 587 797 627 Locus
834 587 1010 627 desertus
1043 589 1087 627 in
1119 587 1339 639 Campania
1368 590 1471 628 tam-

117 660 195 697 que
226 649 341 698 inops
373 662 493 698 quam
523 647 699 686 Lebedos
724 649 767 686 in
797 647 896 686 Asia
927 642 1094 700 (P'ocbf
1101 648 1140 687 V

671 919 833 958 EPIST.
863 921 915 958 12
1496 929 1541 960 10

241 1011 283 1054 1.
315 1015 378 1053 Ad
409 1015 557 1054 Iccium
587 1016 882 1064 procuratorem
906 1014 1110 1066 Agrippae
1140 1015 1183 1053 in
1209 1014 1348 1054 Sicilia
1378 1027 1471 1055 con-

117 1076 317 1114 stitutum.
379 1075 469 1125 Ipse
501 1078 572 1124 est,
603 1074 650 1113 de
681 1087 759 1124 quo
792 1075 851 1114 ait
881 1069 1018 1128 (carm.
1044 1075 1064 1113 Ι
1091 1076 1158 1124 29,
1187 1077 1223 1113 1.
1251 1070 1316 1128 2):

331 1157 422 1206 Icci,
451 1157 579 1196 beatis
612 1170 716 1196 nunc
746 1157 927 1196 Arabum
958 1157 1113 1197 inuides

332 1216 457 1256 Gazis.

118 1311 196 1350 Sed
227 1314 275 1350 ut
303 1312 387 1350 illie
419 1311 678 1362 cupiditatem
708 1312 958 1362 perstrinxit,
998 1313 1057 1351 ita
1087 1312 1152 1351 hic
1182 1311 1469 1362 parsimoniam
1495 1320 1540 1352 15

115 1371 266 1420 laudat,
297 1373 431 1410 tamen
463 1384 551 1410 cum
576 1371 837 1410 mordacitate
864 1367 933 1425 (P‘
941 1372 962 1409 b
970 1373 995 1420 f
1003 1372 1058 1418 V,·
1081 1373 1125 1410 in
1144 1371 1166 1410 b
1185 1383 1314 1420 paene
1337 1373 1470 1411 omnia

116 1431 318 1528 abschllii
369 1490 522 1539 dicunt,
573 1490 678 1540 quod
728 1502 844 1541 agros
892 1490 955 1528 illi
996 1490 1038 1528 in
1082 1489 1220 1528 Sicilia
1263 1490 1472 1528 donauerit

116 1549 297 1600 Agrippa
329 1544 387 1602 (Γ
388 1545 430 1597 'f
439 1550 474 1587 V

240 1604 282 1648 7.
325 1608 452 1647 Iccius
484 1610 560 1647 iste
590 1609 822 1647 recumbens
853 1609 895 1646 in
925 1608 1150 1658 praesentia
1181 1607 1396 1659 Agrippae,
1426 1609 1472 1646 ut
1497 1615 1543 1648 20

240 1748 257 1778 1
285 1744 346 1779 cui
371 1745 452 1789 yab
463 1744 513 1790 V]
540 1755 625 1779 cum
648 1755 697 1779 rv
821 1744 869 1779 ad
895 1745 1025 1779 uotum
1049 1744 1146 1779 nihil
1171 1744 1276 1779 deest
1301 1757 1326 1778 α
1422 1744 1470 1779 ad

118 1793 249 1826 uotum
272 1792 378 1827 deest
395 1792 458 1838 rb]
479 1792 651 1826 adiutum
670 1792 771 1827 estV
790 1791 959 1827 adiotum
978 1793 1036 1827 est
1055 1804 1077 1826 ν
1101 1791 1306 1837 adnosstum
1325 1792 1383 1826 est
1401 1805 1422 1836 γ

118 1850 193 1874 non
230 1839 388 1874 interest
423 1839 488 1885 rv]
525 1850 599 1874 non
636 1839 735 1874 inter
742 1839 785 1885 sss
813 1839 833 1874 b
870 1839 1027 1874 interest
1051 1853 1105 1885 γα
1129 1843 1171 1874 ut
1195 1839 1272 1874 uid.
1298 1849 1365 1874 om.
1395 1840 1429 1875 V

118 1888 244 1920 utrum
264 1887 312 1933 V]
338 1898 404 1922 om.
427 1885 537 1921 P‘oeb
556 1890 596 1921 ut
621 1886 698 1921 uid.
797 1891 816 1920 :3
843 1897 890 1921 an
915 1887 992 1932 rV]
1021 1887 1088 1921 aut
1112 1899 1174 1931 γν,
1200 1887 1292 1922 absc.
1314 1887 1334 1922 b
1430 1886 1470 1921 in

118 1935 178 1969 Pb
189 1934 237 1980 V]
265 1946 332 1970 om.
354 1947 375 1968 v
498 1933 642 1969 minore
669 1932 765 1979 Γά]
791 1945 857 1969 om.
887 1934 921 1968 V
1036 1934 1192 1968 ciuitate
1218 1933 1325 1968 uiuat
1350 1935 1477 1978 yoevV

117 1992 214 2017 cons.
235 1981 270 2027 b]
298 1981 406 2016 uiuat
431 1981 515 2026 quis
541 1981 697 2016 ciuitate
722 1992 742 2015 r
885 1991 968 2015 cum
994 1981 1100 2027 Pab]
1127 1980 1216 2015 dum
1242 1981 1276 2016 V
1295 1991 1376 2016 esse
1401 1993 1423 2016 ν

119 2031 140 2062 3
166 2028 260 2063 bene
285 2029 406 2074 possit
429 2029 558 2064 uiuere
583 2029 695 2074 yoeV]
722 2028 842 2073 possit
866 2027 960 2063 bene
986 2028 1114 2063 uiuere
1133 2029 1212 2063 νῦν
1350 2031 1370 2063 6
1397 2029 1454 2063 est

119 2086 185 2110 om.
207 2077 272 2120 yV
362 2077 463 2122 apud
489 2086 664 2111 amoenas
689 2077 855 2119 (amenas
876 2075 983 2121 ybv)]
1009 2076 1110 2120 apud
1136 2075 1292 2110 athenas
1312 2076 1351 2110 et
1369 2086 1443 2120 apu

118 2133 294 2158 amoenas
319 2135 339 2158 r
470 2123 584 2168 (apud
611 2123 777 2158 Athenas
803 2123 998 2157 ciuitatem
1022 2123 1120 2168 edit.)
1253 2133 1365 2168 supra
1389 2123 1468 2170 rV]

120 2180 231 2214 super
255 2171 365 2215 yvbf
512 2175 533 2206 8
558 2171 726 2216 tamque]
752 2172 830 2204 tam
855 2183 909 2214 γα
1054 2174 1094 2204 11
1123 2169 1259 2204 iccium
1285 2170 1366 2216 vV]
1392 2170 1471 2206 hic-

118 2216 219 2253 cium
247 2219 303 2253 Pb
329 2218 461 2255 ietium
485 2219 509 2261 f
647 2220 768 2253 const:
796 2216 962 2262 loquitur
988 2217 1022 2252 V
1156 2221 1199 2251 15
1225 2217 1280 2252 ita
1305 2217 1382 2264 hic]
1408 2217 1471 2254 hic

119 2262 175 2298 ita
202 2265 236 2299 V
375 2269 418 2300 18
444 2265 517 2311 illi]
543 2276 609 2301 om.
631 2279 651 2311 γ
788 2264 986 2300 donauerit
1011 2263 1077 2309 yf]
1104 2264 1312 2300 donauerat
1336 2266 1429 2300 er

120 2314 165 2344 20
189 2311 323 2358 iccius]
349 2313 492 2347 hiccius
518 2325 538 2347 r
562 2313 666 2348 locus
693 2326 713 2357 γ
739 2312 844 2347 cuius
871 2325 892 2346 ν
913 2312 976 2347 alt.
997 2312 1019 2346 l.
