1638 2528
613 54 759 90 EPIST.
778 55 796 90 Ι
815 58 936 91 16.1‘1
1363 54 1450 102 263.

103 168 356 218 Aristippum
393 166 573 206 Cinicum
616 170 744 207 sectae
780 167 1083 218 Epicureorum,
1123 168 1323 207 fautorem
1356 167 1449 206 Ale-

103 227 244 273 xandri
261 227 412 279 Magni,
441 228 480 265 et
505 226 722 278 Diogenem
748 226 936 276 Stoicum,
962 227 1231 266 adulationem
1254 228 1450 266 maiorum

103 287 369 326 declinantem
400 288 440 324 et
470 288 705 336 paupertate
736 288 976 325 contentum.
1032 285 1213 332 Quadam
1236 287 1362 338 igitur
1386 286 1450 324 die

103 346 280 397 Diogene
328 346 466 384 holera
514 346 724 396 colligente
774 347 1004 396 superuenit
1051 345 1280 396 Aristippus
1329 347 1450 396 atque

102 405 380 444 subsannando
412 405 530 444 dixit:
568 401 798 455 ‘Dioge-nes,
829 406 866 444 si
896 406 1015 444 sciret
1043 405 1202 457 regibus
1233 406 1306 453 uti,
1337 405 1450 444 fasti-
1499 411 1522 443 5

103 464 208 503 diret
248 461 397 504 holus'
461 463 534 503 Cui
575 463 791 516 Diogenes:
835 460 1085 514 ‘Aristippus
1095 461 1120 513 ²,
1162 465 1315 514 inquit,
1360 461 1451 514 ‘qui

103 537 165 562 me
195 525 321 572 notat,
355 524 480 562 nollet
508 525 708 591 patienter
737 524 895 575 regibus
925 525 998 572 uti,
1029 525 1064 562 si
1087 524 1300 574 pranderet
1324 523 1450 572 holus,

102 585 207 622 sicut
237 580 330 634 ego'
365 578 440 636 (Γ’
453 597 470 622 ε
488 583 527 622 V
544 584 629 621 sim.
649 598 675 622 α

221 640 323 694 *<Si
375 638 634 694 pranderet>]
701 642 788 681 Hoc
835 642 1092 681 Antisthenes
1147 642 1194 681 de
1242 621 1450 692 Aristippo

103 702 206 740 dixit
236 696 312 752 (Γ’
320 702 393 739 bE
1476 708 1522 740 10

223 755 300 800 23.
352 760 509 799 Laudat
538 760 789 811 Aristippum
826 773 872 799 ex
909 761 1106 799 sententia
1141 760 1338 810 Platonis;
1382 760 1451 810 qui

102 832 192 858 cum
231 821 448 859 inuenisset
483 820 598 858 illum
634 820 873 871 naufragum
908 832 1040 870 panno
1077 819 1227 870 duplici
1256 819 1450 868 indutum,

102 880 207 918 idest
237 879 411 929 diploide
443 874 510 932 (cf.
535 874 694 932 Porph.)
727 891 774 917 ac
802 879 948 929 peruili
978 880 1233 928 uestimento,
1269 879 1451 917 laudauit

103 939 219 977 illum
257 938 406 977 dicens:
449 939 576 976 omnis
614 938 722 977 color
758 939 799 976 et
834 939 960 977 omnis
997 940 1124 978 status
1157 940 1197 977 et
1226 951 1286 978 res
1318 938 1451 977 decuit

101 998 353 1047 Aristippum
395 997 591 1047 sapientia
631 997 875 1047 praeditum,
919 997 988 1047 qui
1029 999 1088 1036 ita
1128 997 1277 1037 sciebat
1313 998 1449 1047 paruis
1476 1004 1520 1035 15

102 1058 166 1095 uti
197 1058 299 1095 sicut
327 1058 482 1107 magnis
499 1050 607 1109 (Γέ
619 1057 654 1095 V

224 1110 301 1155 24.
342 1113 467 1167 <Fere
498 1115 769 1166 praesentibus
801 1111 1016 1168 aequum>]
1071 1115 1197 1166 Prope
1230 1116 1452 1166 aequaliter

104 1176 380 1224 paupertatem
422 1175 628 1224 ferentem,
672 1187 773 1225 quae
814 1187 999 1225 praesens
1035 1177 1167 1225 potest
1203 1187 1304 1224 esse,
1348 1175 1450 1214 sicut

102 1234 279 1283 diuitias,
310 1235 344 1273 si
374 1234 497 1272 uellet
525 1234 668 1273 habere
701 1229 848 1287 (P‘aV

222 1293 312 1342 Ille,
356 1295 426 1343 qui
463 1295 672 1343 utrumque
708 1293 889 1332 habitum
926 1293 1130 1332 consueuit
1168 1294 1361 1344 accipere,
1404 1295 1450 1332 ut
1474 1301 1523 1353 20

101 1352 349 1402 Aristippus,
387 1353 662 1403 qualicumque
692 1355 802 1392 ueste
833 1353 994 1391 indutus
1024 1353 1162 1404 fuerit,
1200 1354 1282 1392 sine
1315 1353 1449 1403 aliqua

102 1412 356 1451 dehonestate
393 1412 571 1462 procedit
606 1413 647 1450 in
677 1412 898 1462 publicum,
937 1412 1030 1462 quia
1061 1414 1154 1450 sunt
1183 1413 1300 1451 multi
1331 1425 1450 1462 appe-

103 1471 242 1509 titores
273 1471 445 1509 uestium
474 1473 749 1521 pretiosarum,
781 1471 922 1521 quibus
954 1473 989 1509 si
1018 1471 1148 1510 induti
1179 1472 1339 1520 fuerint,
1370 1484 1450 1510 non

102 1530 152 1568 de
184 1543 229 1568 eo
260 1531 535 1579 honestantur,
567 1533 606 1568 et
636 1531 728 1569 sunt
758 1530 939 1569 nonnulli
970 1533 1275 1580 contemptores,
1308 1530 1449 1580 quibus

105 1590 295 1627 maiorem
319 1590 506 1628 honorem
531 1591 737 1639 praestant
755 1589 864 1638 uilia,
898 1602 1016 1639 quam
1036 1589 1125 1627 aliis
1144 1591 1318 1639 pretiosa
1337 1584 1406 1643 (Γ’
1417 1589 1452 1627 V
1474 1597 1519 1645 25

225 1695 242 1724 1
270 1689 492 1735 aristippum
518 1690 679 1725 cinicum
704 1690 740 1744 y]
767 1690 1018 1745 aristipphum
1043 1689 1217 1724 cimicum
1243 1703 1264 1724 ν
1299 1690 1449 1735 aristip-

104 1749 195 1782 pum
227 1737 388 1772 amicum
416 1738 450 1772 V
475 1737 673 1782 diogenem
704 1737 865 1772 cinicum
890 1750 909 1772 r
927 1748 1021 1772 cons.
1043 1750 1059 1772 ε
1203 1741 1224 1771 2
1250 1737 1448 1783 diogenem

104 1784 263 1818 stoicum
295 1785 375 1831 vV]
414 1784 625 1830 diiogenem
662 1784 821 1820 stoicum
854 1798 874 1830 γ
912 1784 1137 1829 aristippum
1174 1784 1333 1819 stoicum
1357 1796 1400 1820 νε

105 1835 125 1865 3
153 1833 367 1866 contentum
387 1853 431 1857 —
451 1831 666 1878 colligente]
692 1843 758 1867 om.
778 1832 811 1866 V
903 1835 924 1865 4
950 1831 1125 1885 diogene]
1150 1831 1332 1886 aristippo
1357 1843 1401 1867 re

103 1878 323 1925 aristippus]
356 1879 532 1924 diogenes
557 1891 576 1914 r
583 1891 599 1914 ε
744 1883 764 1914 5
792 1879 967 1924 diogenes
994 1878 1040 1925 si]
1072 1878 1275 1924 aristippus
1301 1879 1333 1914 si
1357 1890 1401 1914 rs

106 1930 126 1960 6
146 1926 264 1960 cui—
278 1926 363 1972 ego]
383 1927 536 1962 euanuit
549 1938 565 1961 ε
585 1926 644 1961 cui
661 1926 864 1972 aristippus
878 1925 943 1970 qui
956 1937 1016 1961 me
1027 1927 1135 1962 notat
1147 1927 1186 1961 et
1198 1925 1448 1971 reprehendit,

104 1973 136 2007 si
167 1973 285 2008 nollet
314 1973 371 2008 uti
401 1973 552 2019 regibus
583 1973 775 2019 pacienter
804 1973 1004 2019 pranderet
1033 1973 1141 2008 holus
1167 1973 1264 2008 sicut
1288 1984 1357 2027 ego
1381 1985 1402 2009 r

106 2024 125 2054 7
153 2021 199 2067 si]
220 2021 329 2056 sedV
419 2025 439 2056 8
459 2022 544 2068 ego]
565 2032 645 2067 ego,
666 2023 704 2056 et
723 2023 780 2056 est
797 2021 1005 2066 yperbaton
1025 2020 1106 2067 (μω
1115 2020 1232 2055 baton
1251 2023 1281 2065 ε)
1303 2021 1336 2055 i·
1357 2020 1448 2056 ordo

105 2068 279 2102 confusus
305 2072 343 2114 (1‘)
361 2069 520 2113 posteris
546 2070 575 2114 ε)
594 2081 637 2104 νε
782 2072 801 2103 9
828 2068 1074 2114 antisthenes]
1100 2078 1166 2103 om.
1186 2082 1219 2111 v,
1249 2068 1312 2103 sed
1335 2068 1448 2104 altero

104 2119 305 2151 atramento
319 2115 700 2151 add..·1antisthones
714 2129 735 2151 ν
755 2116 969 2157 antistenes,
989 2126 1162 2160 superscr.
1177 2096 1219 2150 af
1236 2115 1448 2161 diogenesy
1427 2129 1451 2160 y⁴

105 2162 326 2205 antistenes
360 2174 533 2207 superse-r.
554 2166 571 2198 t
596 2163 772 2209 diogenes
796 2174 816 2198 r
841 2162 1044 2198 antistenes
1069 2161 1182 2197 uelud
1206 2163 1286 2208 (leq.
1305 2162 1368 2198 uel
1391 2164 1447 2208 ut)

105 2208 259 2252 quidam
288 2209 422 2245 uolunt
452 2210 628 2255 diogenes
660 2210 701 2245 E
736 2210 911 2255 diogenes
943 2210 963 2245 b
1106 2213 1151 2244 22
1183 2209 1360 2255 procedet
1384 2222 1400 2245 ε

106 2259 152 2289 24
183 2256 229 2291 de
260 2267 302 2292 eo
327 2223 573 2292 honestantur
597 2258 663 2304 yv]
691 2257 982 2293 dehonestantur
1005 2257 1069 2291 rV
1095 2257 1178 2292 ideo
1205 2255 1451 2292 honestantur

105 2302 305 2339 Hauthalii
329 2308 446 2340 temtus
470 2305 525 2340 sil.
624 2308 668 2339 25
694 2304 887 2351 honorem]
913 2315 978 2340 om.
1000 2304 1065 2339 vV
