1638 2528
654 76 800 112 EPIST.
821 75 857 112 Π
876 79 895 111 1
1089 131 1092 135 Ι
1235 55 1238 58 ’
1355 74 1444 118 295

219 183 329 228 219.
373 188 552 238 Satyfice
582 201 653 228 nec
684 188 760 228 sibi
790 189 920 240 parcit
949 188 1081 227 dicens
1112 201 1153 228 se
1179 200 1306 239 agere,
1337 187 1445 238 quod

98 248 140 287 in
170 248 260 286 aljis
291 248 426 297 culpat
456 242 581 300 (ΓῙῈ
596 249 629 286 V
649 249 699 296 cf.
723 248 836 287 schol.
860 261 899 287 u.
927 249 1008 286 111

217 305 400 346 Ostendit
436 307 610 356 culpam,
648 320 769 357 quare
799 307 959 346 illorum
989 307 1166 346 carmina
1196 306 1445 346 efficerentur

97 366 214 414 uilia,
250 366 435 405 uidelicet
471 368 568 416 quia
596 366 778 418 Augusto
815 368 859 405 in
890 367 978 406 aliis
1009 367 1200 417 occupato
1230 367 1443 416 inportune

98 425 299 475 offerrent,
342 426 406 464 uel
448 427 570 465 etiam
613 427 708 475 quia
750 426 1093 476 reprehensionem
1130 426 1346 464 amicorum
1381 427 1442 463 in·
1491 433 1515 464 5

96 487 272 523 sererent
303 479 386 538 (Γα
401 485 438 523 V

215 543 301 583 Hoc
333 546 407 583 est:
443 546 488 583 ut
517 545 600 594 ipse
630 556 694 582 me
725 544 948 594 detraham3
979 543 1232 594 prouerbium
1263 544 1370 583 enim
1400 545 1444 582 in

97 599 220 654 eo<s>
262 605 463 653 sumptum
504 603 585 642 tale
628 605 705 653 est,
748 604 820 654 qui
860 603 938 654 ipsi
974 603 1051 643 sibi
1087 603 1263 642 uolentes
1301 604 1445 642 nocent

120 663 190 700 Γα
204 663 225 700 b
241 663 266 710 f
280 663 317 701 V

100 657 118 715 (
219 716 329 761 224.
378 721 559 760 Facimus
591 723 685 760 item
717 723 816 761 uilia
846 722 1023 761 carmina
1052 723 1206 770 nostra,
1237 734 1327 760 cum
1357 733 1445 772 spe·
1470 730 1516 762 10

97 793 231 818 ramus
267 783 479 819 uenturum
515 792 597 819 esse
628 783 800 831 tempus,
836 782 882 819 ut
912 782 1067 830 statim,
1105 793 1182 830 quo
1213 781 1445 832 cognoueris

99 851 171 878 nos
208 835 349 891 [bona]
386 839 531 891 fingere
568 841 761 889 carmina,
798 852 957 890 prorsus
988 852 1124 879 euoces
1156 842 1197 879 et
1227 839 1328 879 dites
1358 853 1446 878 mu·

99 899 259 937 neribus
290 894 375 951 (Γα
390 899 427 937 V

220 953 330 998 228.
361 958 585 997 *Discretio
617 960 722 997 inter
752 971 905 998 accerso
937 960 978 997 et
1008 970 1160 998 arcesso
1190 955 1342 1010 h<a>ec
1368 960 1446 997 est:

98 1029 254 1056 accerso
297 1018 447 1056 scilicet
488 1030 603 1066 uoco,
646 1020 686 1056 et
727 1019 838 1056 uenit
875 1031 900 1057 a
936 1017 1055 1056 uerbo
1097 1017 1203 1067 quod
1239 1019 1300 1057 est
1336 1019 1444 1057 accio
1471 1025 1517 1058 15

99 1078 214 1125 accis,
245 1076 351 1125 quod
381 1080 545 1126 quartae
576 1078 883 1128 coniugationis3
914 1089 1066 1116 arcesso
1097 1077 1203 1115 idern
1233 1076 1446 1128 significat,

98 1135 204 1184 quod
242 1138 282 1174 et
316 1136 565 1185 primitiuum
602 1137 703 1186 eius,
740 1149 764 1175 a
800 1149 878 1186 quo
915 1136 1140 1185 deriuatur,
1178 1135 1283 1175 idest
1318 1149 1445 1175 arceo.

100 1194 177 1232 Sed
220 1195 432 1234 secundum
467 1195 712 1234 Priscianum
744 1190 784 1248 (Ι
807 1208 849 1244 p.
872 1196 926 1234 35
946 1190 1020 1248 H.)
1057 1207 1210 1234 arcesso
1246 1196 1359 1234 uenit
1395 1195 1446 1234 ab

98 1254 218 1302 arcio,
249 1254 354 1304 quod
383 1267 486 1293 nunc
516 1254 682 1294 dicimus
714 1255 834 1305 accio,
866 1256 906 1293 et
936 1256 996 1294 est
1026 1255 1287 1304 compositum
1319 1268 1365 1293 ex
1393 1254 1447 1293 ad

97 1315 139 1351 et
175 1314 254 1361 cio,
291 1313 395 1363 quod
432 1316 491 1352 est
526 1326 641 1362 uoco,
679 1313 772 1364 quia
809 1315 966 1364 antiqui
1002 1326 1047 1352 ar
1077 1326 1148 1364 pro
1181 1313 1231 1352 ad
1261 1313 1446 1353 dicebant
1468 1321 1517 1353 20

98 1367 161 1424 (Ε
183 1383 283 1410 cons.
310 1373 394 1411 edit.

219 1426 328 1470 229.
372 1431 574 1483 *Dignum
607 1434 683 1480 est,
719 1433 766 1470 ut
796 1444 1087 1483 cognoscamus,
1117 1432 1205 1482 quis
1236 1434 1445 1482 poetarum

97 1490 241 1541 dignus
267 1492 320 1529 sit
343 1490 584 1530 conscribere
602 1491 710 1530 facta
728 1493 809 1539 tua,
836 1503 936 1541 quae
954 1504 1033 1530 non
1052 1493 1144 1530 sunt
1162 1491 1447 1530 committenda

99 1550 209 1598 turpi
238 1552 379 1598 poetae
411 1544 619 1602 (Fabe's

219 1603 328 1647 230.
354 1605 647 1660 *<Aeditu0s>]
681 1608 868 1647 Custodes
895 1621 940 1647 ac
964 1622 1035 1659 per
1053 1609 1126 1647 hoc
1144 1611 1269 1657 uates,
1293 1610 1444 1659 poetas,
1468 1615 1516 1648 25

100 1667 173 1705 alii
203 1667 423 1705 sacerdotes
455 1662 634 1720 (F(rb)f

221 1720 329 1765 233.
372 1725 573 1765 Choerilus
605 1727 722 1775 poeta
753 1728 864 1778 gesta
894 1726 1109 1765 Alexandri
1134 1726 1271 1777 Magni
1301 1726 1444 1765 descri-

99 1784 213 1833 bens,
250 1785 344 1823 licet
374 1786 416 1822 in
447 1787 559 1823 tanto
592 1797 707 1835 opere
739 1797 817 1824 non
847 1786 1016 1835 amplius
1049 1797 1168 1835 quam
1198 1785 1278 1824 VII
1308 1797 1445 1825 uersus
1500 1818 1506 1824 ,

100 1844 244 1893 probos
282 1844 580 1894 composuisset,
617 1846 750 1882 tamen
787 1857 857 1894 pro
889 1845 1055 1895 singulis
1087 1844 1262 1896 singulos
1293 1843 1446 1895 Philip-

221 1996 238 2026 1
267 1992 426 2037 satyrice
450 1992 515 2039 rf]
542 1992 691 2027 satirice
717 1992 785 2037 yE
799 1993 833 2028 V
929 1996 950 2027 4
974 1992 1153 2028 uidelicet
1177 1992 1266 2037 quia
1291 1992 1329 2038 γ]
1355 1991 1447 2037 quia

99 2038 280 2074 uidelicet
297 2051 317 2074 r
334 2039 513 2074 uidelicet
523 2041 557 2074 V
647 2043 666 2074 7
687 2050 746 2074 me
760 2041 822 2074 Γα
830 2039 850 2074 b
856 2039 881 2083 f
890 2040 939 2086 V]
953 2039 1046 2074 mihi
1061 2039 1193 2085 Porph.
1291 2042 1312 2074 8
1323 2038 1396 2085 ipsi
1407 2040 1444 2086 r]

101 2085 194 2130 ipsis
220 2087 331 2131 yabf
341 2088 375 2122 V
473 2087 641 2122 uolentes
667 2086 841 2131 (uolentis
869 2087 917 2131 V)
940 2088 1077 2122 nocent
1101 2087 1215 2133 γαν]
1240 2088 1376 2122 nocent
1400 2087 1453 2131 bf

101 2135 236 2168 nocent
259 2133 427 2169 uolentes
451 2146 471 2169 r
592 2138 635 2169 10
661 2134 751 2169 item
775 2134 857 2179 yV]
883 2134 935 2169 ite
961 2148 986 2168 α
1005 2145 1071 2169 om.
1092 2145 1113 2169 r
1224 2135 1352 2170 nostra
1375 2135 1444 2182 roc]

101 2191 168 2214 om.
189 2181 254 2224 yV
364 2185 404 2215 11
433 2181 521 2228 quo]
548 2181 614 2226 qui
641 2182 675 2216 V
786 2185 828 2215 12
854 2181 953 2216 bona
976 2181 1044 2227 roc]
1070 2192 1136 2216 om.
1157 2182 1223 2226 yV
1312 2191 1445 2217 euoces

102 2228 216 2273 γαν]
240 2238 351 2263 uoces
375 2241 396 2263 r
540 2232 582 2263 16
609 2228 708 2273 quod
734 2228 774 2263 E
802 2228 901 2272 quod
933 2229 990 2263 est
1019 2228 1103 2263 edit.
1129 2232 1163 2264 et
1191 2232 1447 2265 commentator

104 2273 338 2318 Cruquianus
433 2279 477 2310 23
497 2277 563 2310 tua
582 2275 683 2311 facta
703 2275 826 2319 01be
921 2278 963 2310 27
985 2275 1182 2320 (choerilus
1195 2277 1225 2321 ε)
1322 2279 1367 2311 29
1387 2277 1447 2311 ta-

102 2330 187 2354 men
211 2322 294 2368 pro]
319 2333 386 2357 om.
407 2337 427 2367 γ
