1620 2524
701 84 975 120 PRAEFATIO
1462 86 1513 120 XI

153 197 282 234 nullos
321 197 501 247 intelligo
535 198 574 234 et
605 209 684 235 non
714 198 938 245 postremae
969 197 1086 235 notae
1118 197 1227 236 uiros
1259 198 1517 239 subsannare,

154 258 274 304 atque
306 255 404 294 adeo
437 257 626 294 reiectare
658 255 872 294 dictionem
900 255 1002 294 hanc
1027 254 1373 304 „Commentator“
1400 259 1516 306 quasi

152 315 283 352 minus
323 314 508 353 idoneam
545 327 617 353 nec
655 315 753 353 satis
792 316 836 353 ut
867 316 1138 353 enarratorem
1169 317 1280 353 notet
1311 314 1515 354 Latinam:

152 373 260 422 quod
303 374 461 411 etiamsi
503 386 582 412 non
625 373 784 423 penitus
825 373 988 422 infitier,
1029 375 1164 412 tamen
1207 375 1241 412 si
1285 374 1515 425 diligentius

154 432 476 471 animaduertant
513 434 693 471 nostrum
731 445 777 471 ea
814 434 856 470 in
893 445 935 470 re
974 432 1184 471 consilium
1227 435 1267 471 et
1305 433 1515 483 epistolam

154 491 204 528 ad
230 492 416 529 lectorem
443 492 539 530 olim
563 491 630 529 lib.
658 491 823 529 odarum
850 493 992 540 quarto
1018 493 1290 541 praepositam
1309 492 1514 531 candidius

151 550 366 600 pellegant‚
398 551 603 599 aequiores
634 552 738 589 certe
769 550 882 589 nobis
914 562 979 589 eos
1003 550 1087 589 fore
1113 550 1355 589 crediderim.
1410 551 1516 590 Nam

153 611 242 658 quis
274 622 363 647 eum
394 609 571 647 nominet
600 609 832 658 honorifice,
871 622 987 659 quem
1023 623 1071 648 ne
1102 610 1216 648 nouit
1246 609 1433 660 quidem?
1467 612 1514 649 ut

154 671 304 706 taceam
333 681 377 706 ea
405 681 506 717 quae
531 669 666 706 euolui
689 669 732 706 in
755 668 967 707 Horatium
993 668 1142 718 scripta
1167 670 1234 707 uix
1259 669 1341 707 ullo
1366 669 1513 708 honore

154 728 292 779 digna,
330 727 399 766 sed
435 728 505 765 ita
543 728 720 775 lacera,
757 740 940 776 manca,
976 729 1166 776 mutila,
1203 729 1434 767 lacunosa
1469 731 1514 766 et

153 788 343 825 tantum
381 799 472 824 non
510 788 637 824 carie
674 788 1021 836 uetustateque
1060 787 1330 837 deperdita,
1373 789 1426 826 ut
1462 800 1513 826 ex

154 845 214 884 iis
247 846 326 883 uix
357 846 440 883 hos
468 844 846 884 Commentarios
879 846 1329 884 consarcinauerim.
1381 845 1513 891 Quid?

154 905 259 954 quod
291 905 464 942 auctoris
495 917 639 942 nomen
671 916 790 954 opera
821 905 934 943 nulla
965 906 1154 954 consequi
1183 903 1410 954 potuerim?
1466 905 1513 942 In

153 963 270 1002 editis
315 963 410 1002 olim
453 976 523 1012 per
566 963 783 1002 Henricum
826 963 936 1002 Petri
979 963 1163 1014 operibus
1206 963 1366 1002 Horatii
1408 964 1514 1002 inter

153 1023 378 1060 innumeros
422 1023 502 1060 fere
547 1023 822 1071 explanatores
866 1023 995 1073 legere
1041 1022 1199 1072 quidem
1237 1025 1297 1061 est
1333 1024 1513 1062 uirorum

153 1082 471 1120 doctissimorum
497 1081 662 1120 Acronis
687 1083 728 1119 et
752 1081 1040 1130 Porphyrionis
1065 1093 1248 1120 numeros
1274 1083 1314 1119 et
1339 1083 1512 1129 nomina,

153 1140 220 1178 sed
259 1141 299 1178 in
336 1140 534 1189 plerisque
571 1141 627 1179 eis
665 1140 876 1190 adscriptis
913 1142 1037 1179 miror
1073 1142 1194 1190 atque
1228 1140 1402 1179 detestor
1432 1153 1532 1180 non·

153 1199 407 1238 oscitantiam
443 1199 703 1250 typographi,
740 1200 786 1236 ut
825 1212 940 1248 quem
978 1200 1146 1238 fortasse
1179 1212 1385 1238 mucosum
1418 1200 1511 1238 fecit

154 1259 253 1296 lucri
291 1271 444 1297 crassus
483 1258 596 1307 odor,
635 1258 701 1297 sed
735 1259 891 1308 ineptos
924 1259 1100 1306 cuculos,
1137 1259 1207 1308 qui
1237 1260 1371 1297 tantos
1402 1259 1510 1297 uiros

153 1330 231 1355 non
269 1317 448 1365 reueriti‚
486 1330 580 1355 suae
615 1317 865 1366 stupiditatis
897 1317 985 1355 labe
1017 1330 1095 1355 non
1127 1316 1273 1366 puduit
1304 1328 1510 1368 aspergere

153 1372 256 1427 [sic'l.
307 1376 440 1414 Facile
472 1376 638 1414 coniicio
671 1388 735 1414 eos
767 1376 808 1414 in
839 1376 1079 1414 eiuscemodi
1104 1376 1288 1415 librarios
1315 1376 1510 1424 incidisse,

154 1435 290 1484 quales
327 1448 406 1486 per*
434 1436 588 1484 aliquot
625 1447 748 1474 annos
785 1435 917 1473 ualide
948 1447 1019 1474 nos
1051 1437 1326 1483 exercuerunt3
1365 1436 1406 1473 at
1435 1435 1510 1474 hoc

154 1495 405 1532 uehementer
436 1494 652 1542 abominor,
683 1496 767 1532 tam
798 1493 1126 1543 praecellentibus
1158 1493 1418 1543 scriptoribus
1445 1506 1509 1532 eos

153 1555 308 1590 tantam
350 1553 574 1591 barbariem
617 1565 873 1602 nuncupasse.
941 1552 1055 1598 Quod
1097 1554 1201 1591 certe
1242 1565 1290 1591 ne
1328 1554 1508 1601 facerem,

154 1613 193 1649 et
224 1612 440 1650 iudicarem
472 1625 518 1650 ex
543 1611 669 1650 doctis
696 1611 1013 1650 enarrationibus
1039 1611 1138 1649 nihil
1165 1623 1285 1660 quam
1310 1612 1509 1650 cucullata

154 1683 355 1720 superesse
392 1673 613 1709 commenta
634 1701 640 1708 .
663 1701 670 1708 .
692 1700 699 1708 .
722 1683 768 1708 ea
798 1683 877 1709 non
908 1670 1166 1718 enarratoris,
1204 1669 1507 1709 sed-Commen-

154 1730 295 1768 tatoris
333 1741 415 1767 esse
454 1730 574 1767 uolui.
636 1729 787 1767 Deinde
825 1742 913 1767 cum
951 1731 1123 1778 quatuor
1156 1728 1319 1779 legerim
1350 1729 1509 1767 Horatii

152 1788 400 1838 interpretes,
426 1788 746 1837 Porphyrionem,
767 1788 974 1836 Acronern,
999 1787 1221 1826 Modestum
1241 1789 1281 1825 et
1305 1787 1507 1835 Scaurum,

154 1859 223 1884 nec
257 1847 347 1885 ullis
375 1847 612 1895 Blandiniis‚
644 1847 837 1885 Tonsanis
870 1849 938 1884 aut
970 1847 1059 1885 aliis
1091 1847 1249 1896 scriptis
1282 1847 1508 1896 appositum

154 1918 294 1943 nomen
333 1906 518 1954 alicuius,
562 1906 657 1955 quid
695 1905 758 1944 cui
796 1918 941 1955 quaeso
979 1903 1266 1944 adscriberem‘?
1327 1905 1509 1944 Fecerint

154 1964 227 2003 hoc
252 1965 323 2002 alii
347 1965 600 2015 typographi,
632 1967 678 2002 ut
704 1977 795 2003 suos
820 1966 938 2014 typos
964 1965 1257 2014 plausibiliores
1282 1964 1508 2013 redderent,

154 2025 332 2062 nostrum
357 2036 450 2062 sane
475 2036 554 2062 non
579 2025 656 2062 fuit
681 2026 764 2061 tam
789 2024 910 2062 stulte
935 2025 974 2061 te
994 2024 1181 2062 lectorem
1200 2023 1334 2062 ludere
1353 2023 1507 2072 tibique

154 2094 226 2131 pro
258 2083 453 2120 thesauris
485 2083 672 2120 carbones
705 2079 931 2120 ostentare'.

275 2141 347 2179 His
382 2141 512 2179 uerbis
544 2141 714 2179 efficitur
744 2143 1092 2179 commentatorem
1123 2142 1244 2179 istum
1277 2153 1300 2178 a
1332 2139 1506 2190 Cruquio

155 2213 175 2237 e
202 2200 467 2250 compluribus
493 2200 690 2239 codicibus
716 2201 1033 2238 consarcinatum
1052 2211 1134 2238 esse
1154 2199 1327 2237 auctoris
1350 2200 1506 2237 nomine

155 2271 351 2307 nusquam
390 2259 599 2308 adscripto.
660 2258 800 2307 Itaque
839 2258 1053 2296 uerisimile
1091 2260 1150 2296 est
1182 2257 1398 2306 Cruquium
1436 2270 1506 2295 nec

155 2329 199 2354 ex
243 2317 525 2367 Porphyrionis
570 2317 742 2366 quodam
787 2317 917 2355 codice
962 2329 1031 2355 nec
1075 2330 1120 2355 ex
1164 2316 1507 2355 Pseudacroniana
